3080 4968
504 223 581 280 ola.
595 222 755 279 xv-xvr.
789 229 931 290 cal-aa.
1262 224 1305 290 45

132 389 196 452 tias
219 387 306 472 ferri,
330 408 466 471 quarum
489 388 614 452 nullam
636 388 752 472 probo,
775 409 887 470 unam,
912 390 949 451 ut
972 387 1084 452 eodem
1107 387 1204 453 modo
1228 409 1305 474 erga

133 477 273 542 amicum
300 474 418 540 adfecti
448 476 561 561 simus,
595 498 657 560 quo
686 497 763 562 erga
792 479 922 540 nosmet
949 475 1054 560 ipsos,
1087 477 1238 561 alteram,
1269 480 1306 542 ut

133 569 245 630 nostra
263 566 297 628 in
321 563 439 629 amiaoe
459 565 685 630 benevolentia
712 564 842 630 illorum
871 585 949 650 erga
977 587 1037 630 nos
1060 565 1305 632 benevolentiae

133 655 258 739 pariter
281 653 520 738 aequaliterque
543 654 751 739 respondeat,
778 652 924 736 tertiam,
952 656 1000 736 ut,
1031 655 1142 738 quanti
1170 655 1304 740 quisque

134 743 257 827 seipse
276 742 383 826 faciat,
406 743 491 807 tanti
509 743 568 808 fiat
587 743 627 807 ab
648 743 770 808 amicis.
816 739 874 809 57.
910 739 1037 806 Harum
1059 743 1159 807 trium
1179 747 1306 809 senten-

134 833 256 897 tiarum
279 830 361 896 nulli
383 852 515 915 prorsus
540 831 710 897 adsentior.
751 830 820 897 Nec
839 831 925 894 enim
942 831 999 896 illa
1017 831 1124 914 prima
1146 853 1223 897 vera
1246 837 1305 916 est,

134 925 179 1004 ut,
203 942 298 1005 quem
322 919 362 984 ad
386 919 517 985 modum
540 922 574 985 in
598 942 631 985 sc
655 921 790 1005 quisque
811 920 863 1004 sit,
887 919 932 984 sic
955 920 990 983 in
1011 919 1151 984 amicum
1174 921 1217 985 sit
1241 922 1306 986 ani-

134 1012 249 1074 matus.
291 1007 394 1084 Quam
418 1009 522 1074 multa
545 1009 639 1093 enim,
663 1030 743 1094 quae
761 1011 880 1074 nostra
902 1030 1001 1073 causa
1022 1022 1200 1093 numquam
1222 1009 1306 1075 face·

134 1120 251 1182 ramus,
275 1097 410 1162 facimus
436 1100 566 1180 [causa]
585 1098 775 1164 amicorum!
799 1097 926 1182 precari
949 1097 990 1161 ab
1013 1097 1163 1184 indigno,
1187 1098 1306 1183 suppli-

135 1209 217 1269 care,
239 1190 309 1251 tum
333 1187 478 1252 acerbius
501 1188 537 1252 in
556 1188 697 1272 aliquem
714 1186 824 1253 invehi
843 1185 1057 1270 insectarique
1076 1187 1307 1272 vehementius,

136 1298 217 1361 quae
245 1276 280 1341 in
305 1276 426 1341 nostris
453 1276 549 1341 rebus
577 1299 642 1341 non
671 1277 750 1340 satis
777 1276 926 1358 honeste,
958 1275 992 1338 in
1021 1276 1197 1340 amicorum
1224 1277 1308 1341 finnt

134 1363 378 1448 honestissime3
400 1365 585 1450 multaeque
607 1387 659 1430 res
684 1369 770 1449 sunt,
793 1365 826 1429 in
847 1364 963 1449 quibus
983 1363 1023 1428 de
1043 1365 1109 1429 suis
1129 1365 1307 1430 commodis

135 1454 196 1518 viri
225 1453 301 1519 boni
329 1453 432 1518 multa
460 1454 636 1519 detrahunt
662 1453 853 1538 detrahique
876 1453 1058 1537 patiuntur,
1086 1457 1123 1518 ut
1149 1454 1189 1518 iis
1213 1455 1309 1520 amici

136 1542 245 1626 potius
279 1563 374 1626 quam
403 1542 466 1626 ipsi
493 1542 651 1610 fruantur.
698 1541 756 1609 58.
794 1542 910 1607 Altera
938 1542 1099 1607 sententia
1131 1545 1194 1628 est,
1227 1565 1308 1628 quae

138 1631 249 1695 definit
272 1631 450 1696 amicitiam
473 1632 606 1716 paribus
630 1631 745 1696 officiis
765 1653 802 1696 ao
820 1630 1052 1696 voluntatibus.
1088 1629 1160 1696 Hoc
1181 1633 1309 1716 quidem

138 1723 188 1784 est
210 1720 306 1784 nimis
331 1721 445 1804 exigue
469 1725 502 1784 et
526 1721 653 1785 exiliter
676 1720 716 1784 ad
745 1721 883 1785 calculos
911 1741 1025 1784 vocare
1054 1721 1243 1804 amicitiam,
1272 1728 1309 1785 ut

137 1830 196 1894 par
221 1809 264 1873 sit
286 1809 370 1873 ratio
395 1813 600 1895 acceptorum
620 1814 652 1873 et
671 1809 829 1874 datorum.
866 1807 1007 1873 Divitior
1026 1808 1106 1872 mihi
1125 1812 1158 1872 et
1180 1808 1310 1873 affluen-

138 1899 204 1962 tior
225 1897 354 1963 videtur
377 1919 446 1962 esse
469 1920 544 1963 vera
568 1897 710 1963 amicitia
733 1920 792 1962 nec
810 1898 982 1962 observare
1001 1898 1155 1983 restricte,
1178 1920 1218 1962 ne
1236 1899 1309 1984 plus

138 1985 253 2050 reddat
276 2007 372 2069 quam
396 1988 569 2072 acceperit3
592 2008 697 2071 neque
717 1988 802 2052 anim
821 1986 995 2052 verendum
1019 1989 1077 2070 est,
1100 1987 1236 2072 nequid
1260 2009 1309 2051 ex·

139 2074 240 2158 cidat‚
264 2077 320 2138 aut
343 2096 382 2140 ne
406 2075 480 2159 quid
504 2077 539 2140 in
561 2080 682 2142 terram
706 2075 838 2158 defluat,
869 2077 925 2139 aut
948 2095 987 2139 ne
1010 2076 1083 2159 plns
1107 2097 1210 2161 aequo
1234 2076 1310 2161 quid
1405 2119 1406 2122 =

141 2265 697 2339 Letztaraawirdseltenermetaphoriach
751 2285 802 2338 quc
820 2266 1082 2322 abachlielsend
1102 2267 1168 2338 (vgl.
1184 2269 1309 2338 denique)

139 2337 304 2408 gebraucht,
324 2337 411 2392 daher
429 2340 517 2408 quasi.
751 2356 866 2409 gernon
878 2343 960 2405 totae,
973 2340 1070 2405 omnic,
1084 2341 1201 2409 reliqua,
1213 2341 1309 2407 multa,

175 2409 272 2464 uideo
291 2425 323 2462 zu
342 2413 357 2474 5
376 2415 409 2462 39
428 2410 557 2466 aidanus.
754 2411 814 2466 alia
833 2425 876 2464 an.

174 2481 277 2548 ferri,
296 2478 349 2533 wie
368 2485 422 2546 56.
788 2481 973 2537 detrahunt
993 2481 1074 2535 ‘thnn
1089 2480 1244 2549 Abbruch’,
1262 2498 1312 2552 ga-

174 2568 273 2605 uaum
292 2581 326 2591 —
342 2553 484 2606 alteram
500 2582 532 2592 -
546 2553 698 2620 tertiam,
753 2551 895 2608 wthnlich
917 2553 950 2607 da
968 2553 1063 2621 aliqua
1081 2569 1111 2606 re
1131 2552 1310 2608 konatrniart.

140 2621 185 2677 die
209 2621 402 2691 gewdhnlicho
426 2623 478 2676 Art
505 2622 555 2676 der
579 2621 699 2678 Aufzah-

139 2693 208 2762 lung
227 2692 317 2762 (nicht
334 2695 452 2763 primus,
475 2695 625 2761 cemus,
647 2700 698 2749 ter-
788 2693 1310 2764 558.defiuit‘abgrenztdurch-'.

140 2765 216 2834 tius).
245 2762 308 2833 Vgl.
330 2763 538 2848 tlat.m:§15.
628 2835 634 2848 ⁸
784 2766 932 2836 paribus
955 2763 1117 2848 iethetont.
1155 2766 1251 2819 Daher
1272 2767 1312 2848 im

175 2834 699 2972 tuucltrurllutptu
752 2835 1069 2988 {catarattula
1097 2836 1312 2989 tutha

140 2975 548 3048 Forderungenthaltenist
562 2978 699 3034 wiaauoh
752 2980 816 3047 ist):
854 2978 953 3033 ‘durch
991 2995 1035 3034 em
1067 2978 1192 3048 glarohea
1224 2980 1311 3034 Mala

142 3052 210 3112 §57
228 3065 292 3103 uara
310 3053 348 3104 est
364 3055 410 3115 ut;
429 3049 486 3119 vgl.
506 3055 521 3116 ξ
540 3055 581 3105 50.
753 3067 809 3106 von
830 3049 883 3104 -’.

178 3119 321 3186 adfecti,
341 3120 475 3189 ‘gesinnt’
498 3146 531 3168 =
550 3126 566 3186 ᾖ
584 3127 618 3176 57
638 3122 699 3176 ani·
747 3188 750 3192 ¹
790 3120 1312 3190 Hocquidemeat‘daehaisstdann

141 3195 240 3244 matus.
755 3191 849 3260 doch’,
868 3210 901 3245 au
921 3198 935 3258 5
955 3197 997 3246 20.

178 3261 317 3314 alteram
335 3259 364 3314 ff.
383 3266 398 3326 ξ
417 3267 461 3316 31.
789 3264 893 3318 nimia
905 3261 934 3319 ff.
955 3263 1043 3318 ‘einer
1060 3279 1112 3332 gar
1132 3282 1165 3318 zu
1179 3263 1311 3334 lrnappen

173 3331 700 3403 pariteraaqualiterque‚natta.
753 3334 811 3388 und
829 3332 1001 3388 kleinliahen
1015 3334 1200 3405 Berechnung
1218 3341 1312 3390 unter-

178 3400 259 3469 §570
287 3402 700 3470 nulliprorcua‘durchaus
753 3404 880 3460 warfcn’.
916 3406 1020 3460 exilia
1049 3408 1110 3475 (aus
1133 3407 1243 3476 aalydis
1270 3406 1316 3478 [ea

143 3472 262 3529 heiner'.
292 3471 412 3528 Pruna
430 3473 486 3528 und
505 3477 614 3531 omuino
631 3492 700 3530 wer·
759 3507 792 3516 —-
818 3475 882 3547 acc]
911 3491 966 3530 von
993 3475 1154 3531 demselben
1181 3476 1313 3545 summe,

144 3543 199 3600 den
213 3544 262 3598 der
276 3543 417 3614 Negation
432 3545 504 3600 ohne
516 3545 700 3602 Unterschied
754 3547 807 3602 wie
821 3548 963 3617 cuiquam
973 3547 1026 3602 mit
1035 3547 1247 3603 absichtlichem
1256 3550 1312 3603 An·

145 3615 193 3671 dea
226 3614 394 3670 Gadanlrena
426 3615 494 3672 bald
526 3632 599 3684 voc,
633 3617 700 3672 bald
754 3617 865 3688 klange.
894 3619 1025 3674 calculi
1043 3619 1106 3673 aind
1124 3618 1170 3672 die
1187 3619 1313 3674 Rechen·

144 3686 339 3756 nachgeetellt.
755 3687 844 3744 steine
864 3689 913 3743 auf
929 3689 994 3743 dem
1012 3689 1209 3745 Rechenbrett.

180 3757 356 3812 Neceaim.
388 3757 459 3811 Dem
473 3757 702 3828 Nocentapriaht
790 3761 1312 3828 ratioacceptorumetdatoram

144 3827 210 3884 kain
242 3828 353 3883 zwettes
384 3845 446 3896 aaa,
478 3828 598 3885 condem
629 3833 700 3895 §58
756 3831 817 3885 ‘das
836 3830 996 3886 Verbaltnis
1015 3832 1063 3885 der
1081 3829 1235 3886 Einnahme
1254 3832 1311 3886 und

145 3900 243 3954 Altera
261 3900 394 3956 sententia
412 3905 457 3955 eet.
755 3902 908 3972 Ausgabe’.

179 3972 371 4039 faceremus.
401 3969 700 4042 ZurSachevgl.§26.
790 3974 999 4041 affluentior
1045 3971 1310 4030 ‘fiberatrtmander’

180 4043 335 4098 auertiue
347 4043 701 4114 ‘ruchsiohtaloaer’;aup-
756 4043 844 4099 durch
864 4042 974 4100 Zufluss.

121 4114 273 4184 'plicare
304 4113 361 4168 und
392 4115 558 4169 insectari
593 4114 701 4170 starker
790 4116 964 4172 obaeraara
1006 4115 1161 4170 restricte
1207 4115 1315 4187 ‘strong

146 4183 188 4238 als
202 4185 315 4254 precari
332 4185 388 4239 und
407 4185 505 4241 inuehi.
755 4187 820 4256 (aig.
829 4186 933 4256 kn'app‚
943 4185 1081 4256 ktrglich)
1090 4185 1191 4241 darauf
1195 4185 1313 4244 halten’.

180 4257 350 4310 nonsatis
370 4255 460 4312 ‘nicht
479 4255 564 4312 sehr’.
790 4259 928 4313 excidat
956 4287 989 4298 —
1019 4257 1151 4326 defluat
1178 4289 1212 4299 -
1238 4276 1316 4315 coa-

180 4327 366 4396 multaeque
395 4328 471 4382 ‘und
500 4343 538 4382 ao
566 4328 643 4398 giebt
671 4344 700 4382 es
754 4335 895 4398 cecatur
913 4327 1078 4398 Metaphern
1098 4345 1163 4385 vom
1179 4328 1313 4388 Messon

146 4394 231 4452 vieles
250 4395 404 4469 (Andere').
441 4398 477 4454 So
497 4397 623 4456 schliesst
641 4397 701 4454 sich
755 4401 979 4470 hergenommen.
