3080 4968
242 217 286 280 48
620 211 775 268 LAELIUS
794 209 843 267 DE
861 209 1029 266 AMICITIA

243 378 340 443 redeo
363 376 402 442 ad
423 375 614 460 Scipionem,
638 375 727 440 cuius
752 375 857 440 omnis
882 395 986 439 sermo
1011 377 1080 440 erat
1102 374 1140 438 de
1164 371 1320 460 amicitia)
1342 397 1424 459 que-

243 467 389 550 rebatur,
419 465 505 550 quod
529 465 678 531 omnibus
703 465 737 530 in
760 463 856 529 rebus
879 463 1025 528 homines
1048 463 1267 549 diligentiores
1292 469 1424 549 essent3

244 576 357 639 capras
381 557 414 619 et
432 576 507 620 oves
527 557 606 640 quot
624 554 758 639 quisque
776 552 919 636 haberet,
943 552 1046 617 dicere
1065 574 1171 637 posse,
1194 553 1314 619 amicos
1334 559 1422 639 quot

242 643 389 727 haberet,
411 665 479 709 non
500 664 597 727 posse
616 643 730 720 dicere,
753 644 787 707 et
806 641 923 706 inillis
943 641 1071 725 quidem
1090 641 1242 726 parandis
1261 641 1423 708 adhibere

202 789 204 792 .
244 754 368 817 euram,
395 731 429 796 in
456 732 567 798 amieis
597 730 752 816 eligendis
780 730 982 816 neglegentis
1006 752 1075 795 esse
1098 752 1157 796 neo
1180 730 1298 796 habere
1322 733 1421 816 quasi

245 821 340 907 signa
362 821 519 905 quaedam
543 824 576 886 et
598 825 707 904 notas,
736 819 852 905 quibus
876 840 945 904 eos,
975 820 1030 905 qui
1059 819 1099 884 ad
1123 819 1281 886 amicitias
1307 824 1422 886 essent

243 909 361 994 idonei,
383 909 571 977 iudicarent.
616 907 698 975 Sunt
721 909 821 995 igitur
845 909 930 973 firmi
953 911 986 972 et
1010 907 1143 973 stabiles
1172 912 1204 974 et
1228 912 1418 974 constantes

224 1013 226 1016 ’
245 998 399 1084 eligendi3
418 1000 509 1064 cuius
528 999 655 1084 generis
675 1000 724 1064 est
742 1019 862 1083 magne
880 997 1023 1082 penuria.
1063 996 1107 1062 Et
1124 997 1265 1078 iudicare
1285 997 1419 1063 difficile

244 1092 293 1153 est
317 1110 393 1153 sane
415 1088 480 1152 nisi
503 1091 684 1170 expertum3
713 1087 939 1171 experiendum
968 1089 1076 1152 autem
1104 1090 1154 1151 est
1180 1086 1211 1151 in
1241 1086 1314 1170 ipsa
1337 1087 1420 1152 ami·

244 1176 329 1242 citis.
367 1175 420 1242 Ita
436 1176 616 1260 praecurrit
637 1175 781 1241 amicitia
803 1175 957 1241 iudicium
979 1175 1129 1260 tollitque
1153 1175 1336 1260 experiendi
1358 1199 1419 1260 po·

244 1269 403 1332 testatem.
450 1261 508 1332 63.
545 1264 606 1330 Est
632 1264 733 1350 igitur
758 1264 926 1351 prudentis
955 1263 1113 1329 sustinere
1137 1267 1173 1329 ut
1196 1269 1339 1344 cursum,
1368 1266 1419 1330 sie

244 1356 401 1439 impetum
425 1353 677 1438 benevolentiae,
701 1375 763 1440 quo
782 1357 912 1419 utamur
935 1353 1028 1438 quasi
1052 1353 1142 1438 equis
1166 1355 1345 1439 temptatis,
1370 1355 1418 1420 sic

245 1442 388 1508 amicitia
411 1463 450 1506 ex
474 1442 583 1527 aliqua
606 1445 698 1528 parte
720 1443 912 1528 periclitatis
937 1443 1080 1509 moribus
1109 1443 1294 1511 amicorum.
1342 1441 1421 1518 Qui-

244 1531 318 1595 dam
347 1552 442 1615 saepe
469 1531 503 1596 in
529 1554 631 1617 parva
658 1532 794 1616 pecunia
825 1532 1066 1616 perspiciuntur
1097 1553 1194 1616 quam
1227 1533 1292 1597 sint
1320 1532 1421 1617 leves,

244 1620 375 1704 quidam
400 1623 521 1704 autem,
552 1642 633 1706 quos
660 1643 762 1704 parva
790 1641 917 1686 movere
940 1643 1005 1686 non
1027 1622 1148 1705 potuit,
1179 1625 1421 1706 cognoscuntur

242 1710 277 1773 in
305 1729 431 1794 magna.
478 1708 537 1775 sin
566 1713 660 1775 erunt
688 1709 788 1795 aliqui
816 1709 948 1795 reperti,
979 1711 1038 1794 qui·
1061 1710 1229 1791 pecuniam
1256 1710 1419 1794 praeferre

245 1799 406 1864 amicitiae
426 1798 595 1864 sordidum
610 1799 806 1883 existiment,
825 1799 881 1864 ubi
895 1819 950 1864 eos
969 1799 1179 1880 inveniemus,
1198 1799 1253 1883 qui
1267 1799 1418 1884 honores,

243 1887 467 1974 magistratus,
484 1888 631 1972 imperia,
649 1891 837 1972 potestates,
857 1907 933 1972 opes
949 1887 1112 1954 amicitiae
1126 1909 1192 1952 non
1206 1892 1416 1972 anteponant,

244 1978 289 2062 ut,
313 1998 385 2041 oum
409 1999 447 2040 ex
470 1978 573 2042 altera
596 1981 689 2060 parte
706 1977 876 2061 proposita
893 1977 973 2041 haec
993 1979 1066 2060 sint,
1090 1998 1128 2041 ex
1148 1977 1249 2042 altera
1266 1978 1318 2042 ius
1339 1977 1419 2042 ami·

244 2065 353 2147 eitiae,
381 2087 447 2130 non
470 2064 573 2131 multo
597 2065 654 2130 illa
681 2064 818 2130 malint?
854 2064 1021 2131 Imbecilla
1050 2066 1136 2129 enim
1160 2069 1211 2130 est
1232 2069 1349 2130 natura
1378 2066 1418 2130 ad

244 2152 512 2219 contemnendam
531 2153 724 2237 potentiam,
748 2175 845 2238 quam
864 2154 992 2219 etiamsi
1010 2153 1159 2238 neglecta
1178 2153 1324 2219 amicitia
1342 2176 1417 2221 con-

245 2243 349 2306 secuti
372 2243 453 2324 sint,
482 2243 687 2307 obscuratum
710 2243 751 2307 iri
775 2243 987 2326 arbitrantur,
1015 2244 1091 2328 quia
1117 2265 1185 2308 non
1208 2243 1276 2308 sine
1298 2265 1417 2329 magna

816 2340 825 2374 t

281 2399 378 2452 cuias
396 2399 501 2453 omnis
519 2397 547 2455 ff.
578 2398 638 2452 ‘der
660 2398 708 2453 bei
723 2399 803 2467 jeder
857 2399 934 2470 lolge
963 2399 1075 2467 dessen,
1104 2417 1157 2470 qao
1175 2426 1210 2446 ---
1227 2405 1259 2454 at
1281 2403 1333 2470 eo),
1362 2401 1415 2456 wie

246 2468 430 2540 Gelegenheit
456 2468 527 2523 fiber
552 2468 597 2524 dle
615 2469 659 2526 Fr.
680 2470 802 2540 spraeh’.
856 2487 912 2524 von
931 2471 1022 2525 einem
1045 2473 1197 2540 erprobten
1216 2470 1357 2540 Gespann,
1385 2488 1415 2527 so

244 2541 276 2595 In
305 2541 434 2596 auderem
459 2540 543 2595 Sinne
566 2546 581 2606 ξ
601 2545 617 2594 5
640 2542 722 2596 attus
746 2547 804 2597 tota
857 2557 912 2595 von
938 2543 1002 2596 dem
1031 2541 1118 2596 durch
1143 2543 1190 2596 die
1213 2541 1416 2596 Freundschaft

245 2613 397 2681 disputatio
416 2618 461 2668 est.
859 2611 1074 2682 einigermcssen
1093 2612 1241 2682 erprohten
1259 2611 1415 2668 charakter

276 2699 372 2753 posse
391 2714 425 2724 -
443 2699 509 2740 oca
531 2699 641 2753 posse,
669 2703 704 2739 ru
731 2689 746 2750 5
771 2689 803 2738 19
857 2682 907 2738 der
925 2684 1053 2738 Freunde
1073 2683 1221 2740 Gebrauoh
1238 2702 1271 2738 zu
1285 2685 1411 2740 macheu.

246 2771 303 2810 aaa
319 2761 412 2824 potest.
893 2756 992 2824 quast
1011 2785 1043 2796 —
1062 2756 1110 2811 stc
1129 2756 1225 2825 selten,
1245 2755 1315 2810 statt
1332 2760 1364 2810 at
1381 2785 1414 2796 -

280 2827 377 2896 pansi
396 2857 429 2866 -
448 2826 624 2896 quaedam,
642 2844 675 2880 au
694 2831 709 2892 5
728 2832 771 2881 48.
857 2827 909 2892 stc,
938 2842 1020 2880 wenn
1047 2825 1096 2880 der
1121 2825 1216 2880 Inhalt
1243 2826 1291 2882 des
1320 2825 1414 2882 Sstzes

280 2899 383 2967 etqua
420 2903 449 2951 et
483 2901 580 2952 notas
614 2896 803 2952 ‘Unterschei-
856 2895 982 2951 Realitttt
1000 2897 1058 2953 hat.
1095 2897 1159 2966 Vgl.
1180 2897 1238 2953 cet.
1258 2915 1295 2953 m.
1315 2902 1330 2963 ς
1349 2903 1391 2954 71.

246 2967 513 3036 dungsmerlrmale’.
554 2967 613 3023 otc.
643 2969 724 3023 sucht
751 2969 804 3022 mit
889 2968 1105 3036 periclitatis
1118 2969 1281 3038 passivisoh.
1308 2968 1412 3022 Zuihm
1516 2969 1517 2994 ¹

245 3037 346 3093 beiden
364 3038 496 3092 Wdrtern
514 3038 564 3093 das
583 3038 687 3108 grieeh.
706 3037 801 3110 κριτή-
857 3039 959 3107 gehtrt
986 3039 1036 3092 der
1064 3037 1179 3095 Ablativ
1207 3040 1266 3111 (des
1294 3039 1411 3108 Miltels)

246 3127 309 3177 ριον
333 3108 399 3162 oder
422 3115 538 3178 σημεῖον
565 3109 803 3178 wiederzugeben,
857 3110 988 3165 amicitia.

246 3180 297 3234 das
315 3196 345 3234 er
363 3179 434 3234 auch
457 3183 536 3234 sonat
558 3179 645 3234 durch
666 3181 803 3236 iudicium
892 3181 929 3235 to
950 3197 1061 3249 porea
1083 3182 1234 3250 peccota
1266 3181 1358 3236 ‘wenn
1385 3196 1412 3236 es

246 3249 314 3304 oder
332 3255 398 3305 uota
416 3249 504 3304 allein
522 3249 669 3306 ubersetut.
705 3293 708 3301 .
858 3249 917 3305 sich
935 3251 1054 3306 handelt
1071 3270 1119 3307 um
1133 3252 1189 3320 -’,
1208 3270 1242 3306 zu
1256 3257 1271 3318 §
1287 3257 1303 3307 9
1321 3252 1368 3307 sed
1384 3252 1412 3306 lsi

281 3321 390 3390 tpttur
403 3321 443 3375 im
456 3307 658 3390 llbergange
676 3339 725 3376 zur
738 3320 804 3376 Ex·
856 3322 888 3377 to
902 3323 1007 3390 pucras.

245 3390 415 3462 position,
435 3391 487 3446 wie
506 3397 521 3457 ἓ
540 3397 581 3446 22.
892 3393 968 3461 stu,
982 3391 1024 3448 als
1039 3393 1074 3449 ob
1089 3393 1288 3465 vorherginge:
1306 3395 1332 3450 si
1349 3409 1412 3464 quos

281 3463 378 3531 firmi
396 3493 430 3503 -
449 3467 642 3517 constantes
667 3462 732 3519 ‘ven
755 3483 804 3518 un·
852 3479 945 3534 parca
970 3480 1073 3520 movere
1100 3481 1156 3520 aaa
1182 3467 1287 3535 potus't,
1319 3481 1411 3535 copae·

247 3532 520 3600 ersehtitterliohem‚
551 3532 805 3604 unwsudelbarem,
856 3539 972 3590 scantur
985 3537 1017 3590 ta
1030 3553 1138 3606 masao.
1166 3535 1230 3607 Vgl.
1245 3541 1307 3602 zu§
1323 3542 1357 3591 34
1370 3537 1412 3592 sio

246 3605 348 3662 testem
366 3604 543 3659 Charakter’.
857 3610 954 3662 autera

281 3677 351 3732 atsi
379 3679 547 3757 expertum
578 3674 692 3758 ‘sussen
724 3693 805 3733 wenn
894 3682 994 3733 eruat
1023 3678 1076 3762 mit
1102 3677 1262 3760 Betonung·
1281 3694 1411 3761 vorange·

246 3764 321 3802 man
334 3748 416 3802 darm
428 3745 587 3816 Erfahmng
601 3747 721 3804 besrtzt’.
750 3748 805 3802 Der
859 3749 945 3804 stelit.
971 3749 1049 3818 Ffige
1063 3767 1102 3803 nn
1112 3747 1144 3805 D.
1160 3749 1410 3805 ‘wnkhch’hrnsu

247 3820 313 3875 Aac.
333 3819 386 3874 mit
403 3816 563 3888 Berichung
586 3817 635 3873 aul
659 3818 708 3874 das
727 3819 806 3874 nieht
894 3821 1050 3890 imperta,
1066 3825 1265 3890 potestates,
1285 3840 1319 3875 zu
1338 3827 1409 3888 §th
1516 3825 1517 3840 ¹

247 3888 452 3959 ausgedrticlrte
467 3887 806 3960 allgemeInsSubjekt
859 3876 933 3945 llber
951 3907 1026 3960 opes
1044 3909 1077 3945 au
1095 3897 1110 3958 5
1130 3897 1171 3946 22.

248 3963 375 4031 (allecem
390 3986 423 4005 =
437 3959 512 4030 τινα)
531 3959 580 4014 des
598 3961 649 4014 Inf.
671 3962 804 4019 iudicare.
891 3963 1072 4060 Pl⁰l³⁰fflla
1089 3993 1124 4003 —
1142 3964 1212 4019 stat
1231 3963 1301 4032 ‘(sur
1320 3961 1409 4031 Wahl)

283 4101 359 4169 563.
382 4101 804 4173 Esttptturpradeotisff.
859 4032 1002 4160 auplrpgtep
1018 4078 1120 4174 'weges
1149 4105 1197 4159 des
1219 4104 1411 4175 Kompsrativ·

247 4173 300 4227 Die
318 4173 454 4244 Klugheit
476 4174 618 4245 verlangt,
642 4175 696 4229 den
719 4190 805 4244 unge·
858 4172 988 4244 begriffes
1007 4175 1037 4229 in
1055 4176 1161 4232 mutiat.

249 4245 359 4299 str'imen
378 4245 473 4314 Drang
492 4245 541 4300 der
559 4243 730 4316 Zuneigung,
752 4245 805 4301 wie
894 4245 1072 4301 Imbecillos
1090 4245 1153 4302 wir:
1178 4246 1226 4301 ‘zu
1246 4247 1392 4304 schwach’.

249 4314 302 4370 den
327 4314 402 4371 Laut
422 4315 508 4386 (eines
532 4315 674 4385 Wagens),
698 4319 806 4371 vorerst
895 4313 1109 4372 obscurlttam
1126 4317 1187 4385 ut,
1206 4317 1267 4373 dass
1286 4317 1331 4372 ihr
1345 4315 1409 4372 Ver·
1516 4319 1517 4382 ff

247 4405 281 4442 uu
299 4387 428 4443 hemmen
447 4388 607 4458 (statues),
632 4405 679 4441 um
703 4404 733 4441 so
752 4387 804 4456 (in-
859 4387 950 4456 gehen
965 4387 1052 4441 durch
1067 4388 1121 4443 den
1131 4387 1217 4443 Glanz
1230 4388 1306 4445 ihrer
1319 4389 1410 4444 Maoht
