3080 4968
231 205 277 270 44
611 202 766 258 nmmos
785 201 832 257 un
852 200 1016 257 Amorem

234 391 301 434 non
328 368 516 453 potuerunt,
549 366 595 431 sic
624 366 800 431 multorum
834 386 910 450 opes
942 365 1203 451 praepotentium
1232 365 1412 430 excludunt

234 457 393 523 amicitias
411 455 530 522 fideles,
567 453 644 520 Non
663 455 748 520 enim
768 455 872 519 solum
889 453 962 538 ipsa
981 453 1125 519 Fortuna
1149 475 1244 520 caeca
1268 458 1324 535 est,
1349 455 1412 520 sed

234 568 289 612 eos
314 547 413 610 etiam
435 545 623 628 plerumque
647 543 747 609 efficit
771 565 896 628 caecos,
920 564 1000 626 quos
1025 544 1180 628 conplexa
1205 545 1268 628 est3
1295 543 1411 628 itaque

234 635 408 700 efferuntur
429 634 497 697 fere
520 632 652 698 fastidio
672 635 705 697 et
723 632 932 717 contumacia,
955 653 1013 697 neo
1038 634 1209 717 quicquam
1232 632 1410 716 insipiente

234 724 399 790 fortunato
423 721 658 787 intolerabilius
681 721 751 785 fieri
774 723 893 806 potest.
934 720 1042 804 Atque
1061 721 1123 786 hoo
1145 720 1273 806 quidem
1296 719 1409 785 videre

187 853 194 868 „
233 812 309 878 licet
333 834 403 896 eos,
427 812 481 897 qui
505 813 601 876 antea
624 809 801 876 commodis
824 809 945 874 fuerint
967 810 1125 895 moribus,
1148 810 1294 895 imperio,
1317 814 1411 894 pote-

234 905 328 986 state,
346 901 510 986 prosperis
529 899 626 964 rebus
645 899 823 982 inmutari[,
843 898 953 983 sperni
972 899 1070 964 abiis
1090 901 1214 964 veteres
1234 899 1409 984 amicitias,

232 991 393 1076 indulgeri
415 989 534 1071 novis}
581 985 638 1054 55.
676 986 759 1063 Quid
783 990 891 1052 autem
915 987 1047 1052 stultius
1072 1010 1181 1074 quam,
1210 1009 1283 1054 cum
1307 988 1409 1073 pluri-

233 1101 322 1145 mum
345 1078 462 1163 copiis,
484 1076 710 1160 facultatibus,
735 1077 851 1162 opibus
879 1077 1020 1162 possint,
1043 1083 1152 1141 cetera
1174 1099 1299 1162 parare,
1323 1097 1407 1162 quae

233 1171 390 1255 parantur
412 1166 557 1251 pecunia,
580 1186 689 1251 equos,
711 1164 861 1249 famulos,
882 1169 1006 1231 vestem
1030 1167 1207 1250 egregiam,
1236 1187 1313 1230 vasa
1335 1188 1409 1250 pre-

233 1259 328 1341 tiosa,
352 1257 472 1321 amicos
494 1276 562 1320 non
584 1276 708 1338 parare,
730 1257 897 1338 optumam
922 1259 953 1318 et
976 1254 1226 1338 pulcherrimam
1249 1255 1344 1334 vitae,
1368 1257 1407 1318 ut

233 1348 280 1411 ita
299 1346 413 1428 dicam,
433 1342 688 1429 supellectilem?
709 1343 829 1408 etenim
848 1347 955 1408 cetera
973 1365 1044 1408 cum
1064 1347 1189 1427 parant,
1211 1345 1262 1408 oui
1280 1348 1406 1427 parent,

230 1435 388 1517 nesciunt,
407 1454 466 1499 nec
485 1433 575 1497 cuius
595 1454 693 1498 causa
711 1431 861 1496 laborent
881 1429 963 1514 (eius
984 1433 1067 1496 enim
1087 1436 1137 1497 est
1156 1433 1294 1497 istorum
1314 1432 1407 1517 quid-

230 1545 306 1608 que,
330 1523 385 1607 qui
407 1522 486 1587 vicit
507 1517 658 1606 viribus),
688 1521 906 1587 amicitiarum
930 1543 989 1586 sua
1013 1522 1125 1605 cuique
1149 1525 1318 1605 permanet
1358 1524 1407 1586 ta·

228 1612 305 1678 bilis
329 1615 362 1676 et
385 1615 474 1676 certa
496 1610 674 1696 possessi03
701 1613 751 1694 ut,
782 1610 911 1676 etiamsi
938 1609 996 1675 ille
1023 1616 1192 1696 maneant,
1223 1615 1406 1694 quaesunt

229 1701 322 1788 quasi
345 1701 431 1766 dona
453 1699 623 1783 Fortunae,
648 1703 759 1764 tamen
782 1699 851 1765 rita
873 1698 998 1764 inculta
1020 1702 1052 1764 et
1077 1698 1203 1764 deserta
1227 1698 1268 1763 ab
1293 1700 1405 1764 amicis

193 1791 194 1797 ’
229 1813 295 1858 non
318 1789 425 1874 possit
449 1810 518 1853 esse
541 1788 687 1853 iucunda.
734 1787 799 1853 Sed
821 1788 901 1853 haee
925 1788 1090 1853 hactenus.

317 1877 406 1944 XVI.
443 1875 502 1945 56.
540 1875 766 1942 Constituendi
790 1880 896 1942 autem
921 1880 1010 1961 sunt,
1033 1877 1088 1961 qui
1112 1877 1179 1941 sint
1201 1877 1236 1941 in
1260 1876 1405 1942 amicitia

231 1968 311 2033 fines
337 1971 369 2032 et
392 1966 485 2051 quasi
508 1966 638 2031 termini
661 1965 826 2052 diligendi.
867 1965 916 2030 De
935 1966 1052 2049 quibus
1071 1968 1137 2030 tres
1160 1965 1253 2030 video
1277 1971 1405 2031 senten·

262 2176 537 2248 praepotentium
555 2175 643 2230 durch
657 2175 702 2230 dic
718 2175 790 2230 Stel·
845 2177 917 2243 (cum
935 2176 1049 2244 imperio
1067 2179 1139 2242 eree).
1175 2175 1263 2230 Ihnen
1284 2176 1403 2231 standen

231 2247 563 2372 lungthprvorgehoben:
592 2245 726 2315 ‘soloher,
745 2245 790 2301 dic
844 2245 1030 2384 die-ibim?
1053 2248 1232 2318 muyictrotae
1253 2248 1326 2318 (aar
1351 2248 1402 2302 im-

231 2349 265 2361 -
285 2336 328 2373 sm
363 2359 370 2372 .
864 2333 920 2372 ereo
950 2333 1031 2372 nac.

267 2405 345 2460 quoe
382 2390 546 2458 coaptent
577 2393 632 2444 eet.
684 2387 725 2442 Im
757 2387 790 2442 D.
840 2334 965 2456 Ρξῦὅ.
1000 2387 1338 2458 parurc‘ansohaffen'.

233 2461 362 2516 Prtsens:
397 2460 454 2514 ‘die
486 2476 516 2514 es
543 2460 573 2513 in
602 2460 678 2515 seinc
706 2460 791 2514 Arme
880 2460 1285 2515 uestemstetslrcllektiv.

234 2531 381 2600 schlieht’,
400 2550 434 2586 zu
454 2537 469 2598 5
488 2536 523 2585 48
542 2547 604 2586 cum
622 2529 744 2601 concipit.
881 2547 946 2587 noa
955 2547 1082 2600 parare
1097 2531 1176 2586 ‘aber
1184 2531 1283 2599 nicht’,
1297 2535 1399 2596 zusslt

267 2605 463 2672 efferuntur
481 2602 597 2656 mediol:
626 2601 678 2657 ‘sie
697 2602 790 2656 lassen
845 2619 878 2658 ee
897 2603 1023 2657 emiolia
1040 2618 1097 2657 aon
1111 2607 1208 2671 puteat.

232 2674 292 2731 sich
315 2673 490 2740 hinreil'sen’3
519 2673 664 2740 fastidio
691 2673 791 2728 ‘durch
879 2675 962 2728 uicit
980 2674 1112 2728 viritas
1126 2673 1188 2728 ‘dor
1202 2672 1325 2728 sttrlrere
1339 2673 1400 2728 ist'

232 2747 312 2802 ihren
330 2744 506 2830 lligensinn’.
844 2762 878 2798 zu
891 2749 912 2826 ,ξ
931 2750 964 2798 32
993 2745 1194 2826 ammoneat„
1228 2745 1290 2828 Zur
1305 2743 1403 2799 Allite·

231 2832 571 2958 uttutmltta'le
598 2814 791 2941 tulate
844 2814 1194 2942 ffittlttttttl
1205 2833 1243 2942 t?
1261 2821 1402 2941 stult

234 2959 401 3028 Steigernng
420 2975 517 3030 wegen
542 2958 614 3012 auch
636 2974 692 3013 von
710 2957 790 3012 Per·
845 2955 998 3013 GenPlur.
1008 2956 1186 3026 gebrauchen
1198 2958 1248 3012 wir
1259 2957 1403 3014 denNom.

234 3045 339 3085 conen
352 3027 516 3099 gebraucht,
535 3029 619 3083 meist
630 3027 679 3083 bei
691 3028 791 3082 Kom·
846 3026 922 3098 Sing.
934 3027 991 3083 ‘die
1000 3028 1204 3084 Freundschaft
1213 3027 1304 3084 bleibt
1310 3028 1402 3099 jedem

233 3100 426 3171 parativam
846 3099 887 3154 als
907 3099 979 3154 sein
996 3130 1032 3139 —
1050 3099 1164 3154 Besita’.

269 3171 454 3240 incipiente
467 3171 644 3238 fortunato
659 3169 792 3224 ‘thorich-
881 3171 1016 3226 inculta
1031 3169 1344 3238 ‘unverschtnert’,wie
1355 3171 1401 3226 das

234 3241 471 3312 terGlflekspiln’.
504 3239 625 3311 Beispiel
640 3240 715 3295 einer
724 3239 792 3295 Ver·
845 3240 975 3310 fulgenda
1003 3242 1108 3298 deserta
1137 3258 1201 3298 vom
1223 3242 1402 3298 Acherbau
1512 3231 1513 3304 l

234 3311 361 3382 bindung
380 3313 455 3367 eines
470 3311 717 3366 substantivierteu
735 3310 792 3364 Ad·
847 3313 983 3367 entlehnt.

232 3382 339 3454 jektivs
362 3384 401 3437 im
420 3381 603 3452 Mascsing.
625 3382 678 3436 mit
700 3381 792 3437 einem
881 3382 953 3438 Sec
988 3383 1080 3439 hoec
1116 3385 1310 3453 hacteuus,
1348 3385 1402 3439 ab·

234 3455 340 3510 andem
357 3454 548 3524 Adjektivum.
845 3453 1040 3510 brechendc
1054 3453 1173 3522 Formel‚
1192 3473 1240 3508 um
1252 3456 1315 3510 hier
1333 3456 1402 3511 nach
1512 3473 1513 3490 ¹

269 3527 352 3594 fieri
372 3525 494 3596 ‘geben'.
846 3525 896 3580 der
927 3524 1117 3596 polemischen
1145 3525 1308 3594 Digression
1343 3544 1402 3580 zum

270 3597 378 3666 Atque
407 3595 476 3650 ‘und
502 3595 586 3650 zwar’
619 3593 701 3650 leitet
727 3611 792 3650 vom
846 3595 985 3652 Thema:
1012 3601 1146 3666 quolenus
1178 3613 1254 3652 amor
1282 3599 1314 3652 io
1335 3599 1402 3652 auti·
1512 3579 1513 3650 l

234 3667 476 3738 Allgcmcinen
504 3685 567 3721 zum
591 3664 792 3736 Speciellen
846 3668 913 3722 citio
926 3669 1059 3739 propredi
1072 3668 1166 3723 debeat
1183 3670 1215 3735 (s.
1231 3685 1254 3723 c.
1269 3667 1309 3722 XI
1323 3688 1344 3723 z.
1359 3670 1400 3738 A.)

233 3741 316 3807 fiber,
340 3758 374 3794 zu
397 3744 479 3806 §243
506 3739 563 3794 hoc
590 3737 719 3808 quidem
742 3738 791 3793 vi·
845 3737 1402 3795 nurfickzukchrenunddieGrenzen

235 3813 310 3868 dere
339 3810 404 3866 ‘die
428 3810 630 3879 Beobaohtung
651 3808 791 3864 maohen’.
845 3809 874 3864 in
894 3809 943 3864 der
960 3809 1164 3864 Freundsohaft
1178 3810 1251 3880 J'etnt
1268 3810 1402 3880 positio

271 3883 445 3939 commodis
483 3879 630 3952 ‘gesallig‚
670 3878 792 3935 liabens-
845 3879 1043 3936 festiustellen.

235 3953 368 4022 wtrdig'.
882 3951 966 4018 §560
1004 3950 1243 4008 Constitueade'
1269 3983 1303 3993 -
1327 3958 1401 4008 aaut
1512 3983 1513 4012 ;

254 4025 611 4106 ,ίωρενὲωροέαειαιᾳ
640 4021 792 4104 Soneben·
845 4023 896 4076 hat
919 4022 979 4077 sich
1001 4023 1030 4076 in
1054 4022 1103 4078 der
1128 4023 1250 4078 Rektion
1275 4039 1311 4078 an
1338 4025 1401 4091 flues
1512 4023 1513 4094 3

236 4095 370 4151 einander
391 4093 505 4164 gestellt
526 4092 690 4149 bezeichnet
716 4109 792 4164 Jenes
846 4094 1063 4162 angesohlossen
1105 4079 1304 4150 liberantem
1324 4095 1400 4150 ‘nm-
1512 4137 1513 4140 η

236 4165 281 4221 die
322 4164 569 4234 militarische‚
615 4163 704 4219 dieses
745 4163 791 4218 die
845 4164 1087 4231 mehr’znfiess.

237 4235 443 4306 Civilgewalt
474 4234 792 4291 Ersterebcsassennur
880 4236 968 4303 fiais
991 4235 1037 4290 die
1059 4252 1115 4290 von
1138 4235 1258 4291 anlsen
1282 4238 1400 4306 gesetzte
1512 4283 1513 4288 ,

237 4306 282 4363 dic
310 4306 445 4363 hochsten
473 4307 711 4375 Staatsbeamten,
743 4306 792 4360 der
847 4305 984 4374 ‘Greme’‚
1018 4308 1182 4362 terminos
1209 4307 1254 4362 die
1285 4308 1400 4362 nattir·

236 4378 378 4446 Diktator,
392 4377 572 4434 dieKonsuln
586 4377 643 4432 und
656 4375 793 4432 Pratoren
846 4377 937 4433 liohe
974 4376 1095 4445 Grenze,
1135 4378 1194 4434 ‘der
1226 4377 1398 4434 Marlrstein’.
1512 4407 1513 4440 ;
