3080 4968
510 256 585 313 CAP.
605 255 728 312 IH-IV.
760 260 776 321 ἕ
792 260 905 310 12-14.
1251 255 1293 318 17

119 425 205 512 quod
227 445 295 489 non
318 420 471 486 fecissent
493 420 648 504 profecto,
672 419 699 484 si
722 417 806 483 nihil
830 417 870 482 ad
894 439 949 483 eos
973 417 1134 501 pertinere
1154 418 1290 484 arbitra·

119 519 241 596 rentur,
265 511 317 577 vel
341 531 461 593 eorum,
485 509 539 593 qui
562 508 598 573 in
622 509 684 573 hac
705 511 793 572 terra
810 506 942 572 fuerunt
959 527 1176 592 magnamque
1195 506 1291 573 Grae·

121 605 215 686 ciam,
236 623 318 686 quae
341 620 426 664 nune
449 597 578 682 quidem
602 597 708 662 deleta
732 599 792 677 cst,
814 598 885 660 tum
908 596 1054 680 florebat,
1077 597 1235 661 institutis
1260 601 1293 660 et

123 689 301 776 praeceptis
337 687 404 753 suis
437 686 637 770 erudierunt,
673 686 725 750 vel
758 685 839 768 eius,
878 685 933 768 qui
965 684 1129 770 Apollinis
1162 685 1292 752 oraculo

24 841 25 844 ,
124 779 380 864 sapientissimus
404 780 455 841 est
476 775 645 859 iudicatus,
670 774 722 840 cui
743 795 811 838 non
834 777 903 837 tum
926 773 1000 857 hoo,
1027 777 1097 838 tum
1120 773 1217 856 illud,
1244 774 1293 839 uti
1332 853 1338 864 ‚

124 868 297 952 plerisque,
333 864 389 931 sed
416 863 502 929 idem
531 885 669 948 semper,
703 863 827 928 animos
855 860 1025 926 homiuum
1057 884 1126 927 esse
1160 862 1295 946 divinos,

124 959 238 1041 iisque,
261 977 334 1020 cum
357 976 396 1019 ex
419 974 553 1038 corpora
573 953 797 1034 excessissent,
819 949 958 1014 reditum
978 950 1013 1014 in
1032 951 1156 1016 caelum
1175 955 1294 1036 patere,

124 1047 311 1130 optimoque
350 1046 383 1108 et
414 1041 592 1108 iustissimo
626 1041 741 1125 cuique
775 1039 1060 1123 expeditissimum.
1114 1038 1169 1106 14.
1203 1039 1295 1116 Quod

123 1135 207 1201 idem
232 1132 375 1216 Scipioni
403 1130 584 1214 videbatur,
613 1129 836 1215 quiquidem,
865 1128 958 1212 quasi
981 1129 1197 1214 praesagiret,
1224 1150 1294 1212 per-

121 1223 236 1308 paucis
260 1225 336 1286 ante
359 1225 495 1286 mortem
520 1219 641 1298 dicbus,
666 1240 737 1283 curn
758 1220 791 1281 et
809 1216 923 1281 Philus
943 1222 976 1282 et
992 1215 1146 1282 Manilius
1166 1217 1294 1283 adesset

123 1317 157 1377 et
177 1311 235 1376 alii
252 1311 370 1395 plures,
392 1314 491 1393 tuque
511 1308 620 1391 etiam,
643 1305 808 1390 Scaevola,
830 1326 955 1370 mecum
975 1307 1128 1390 venisses,
1151 1306 1293 1371 triduum

123 1401 278 1465 disseruit
301 1397 338 1464 de
362 1421 396 1464 re
418 1398 561 1482 publics3
584 1397 674 1461 cuius
697 1394 928 1479 disputationis
947 1394 1011 1459 fuit
1030 1399 1208 1460 extremum
1226 1395 1293 1459 fere

121 1490 162 1554 de
185 1489 430 1554 immortalitate
454 1487 649 1570 animorum,
678 1506 760 1570 quae
788 1504 822 1548 se
850 1484 885 1546 in
913 1484 1020 1566 quiete
1047 1484 1232 1567 pervisum
1256 1505 1294 1548 ex

124 1577 279 1644 Africano
308 1576 435 1642 audisse
464 1575 599 1641 dicebat
644 1573 682 1639 Id
711 1573 739 1638 si
767 1574 815 1636 ita
843 1575 907 1650 est,
935 1575 971 1636 ut
994 1572 1119 1658 optumi
1142 1572 1295 1657 cuiusque
1398 1581 1401 1588 ’

159 1809 189 1862 si
208 1837 241 1846 -
260 1806 532 1868 arbitrarentur,
556 1801 605 1856 das
627 1802 680 1855 Im·
734 1801 871 1854 letataren
894 1799 956 1854 sine
981 1799 1109 1854 absolute
1128 1799 1294 1856 Gewisshoit

123 1877 283 1948 perfalrtum
319 1893 367 1929 aur
400 1873 596 1942 Bezeichnung
633 1873 682 1927 der
734 1872 886 1940 leugneten
916 1870 974 1924 und
1004 1888 1057 1925 nur
1084 1872 1146 1926 cine
1173 1870 1295 1928 Wahr-

124 1946 343 2017 gleichzeitigen
367 1943 461 1999 Dauer
489 1945 536 1999 dee
563 1944 682 1999 tribuere
735 1941 1011 1997 scheinliohlreit
1029 1943 1194 1997 annshmen.

32 2055 36 2067 .
125 2020 182 2072 und
197 2018 332 2072 arbitrari
346 2015 509 2085 (=damals
524 2013 565 2069 als
580 2014 620 2069 sie
635 2013 681 2069 die
771 2013 900 2068 animos
913 2010 940 2065 ff.
973 2012 1026 2067 Die
1040 2013 1165 2068 Beweise
1183 2014 1227 2068 fdr
1246 2013 1291 2069 die

32 2083 35 2091 ¹
125 2091 193 2143 a‘nru
206 2087 330 2155 schusen,
349 2086 469 2141 dachtsn
483 2086 523 2140 sie
538 2128 544 2140 .
560 2126 566 2138 .
583 2087 609 2155 .),
624 2086 680 2155 rgl.
735 2082 1098 2139 Unsterblichlreitder
1108 2083 1187 2139 Seele
1198 2084 1292 2138 finden

127 2157 197 2214 Cato
216 2177 252 2212 m.
271 2163 305 2212 82
319 2159 376 2212 nist
394 2158 485 2212 animo
504 2161 648 2212 canerent.
736 2153 796 2209 sich
809 2154 878 2209 hura
892 2154 1166 2224 zusammengestellt
1182 2155 1240 2212 Cat.
1257 2174 1292 2210 m.

163 2231 253 2284 nibil
275 2230 317 2284 ud
341 2244 392 2284 eoa
409 2230 581 2298 pertinere
607 2226 681 2282 ‘dass
738 2225 841 2291 §srffi

128 2301 221 2356 nichts
236 2299 423 2368 sisbertihre',
438 2316 467 2354 ss
480 2299 565 2353 ihnen
577 2298 683 2369 gleich·
773 2311 921 2365 corpore,
948 2295 998 2351 der
1016 2294 1184 2366 Singulas
1206 2297 1299 2364 nebsn

127 2371 222 2443 gulug
236 2371 284 2426 sai.
315 2370 438 2426 Pertinet
455 2370 618 2439 aliquidaut
632 2369 683 2425 au·
738 2367 856 2432 animos,
899 2365 963 2420 weil
1000 2383 1098 2438 corpas
1133 2368 1297 2422 abstrakt

124 2459 204 2512 quen
231 2441 315 2497 haifst
340 2441 553 2496 untereinander
579 2440 609 2494 in
632 2441 684 2495 Be·
739 2439 783 2506 (--
802 2436 1039 2508 Kbrperlichkeit)
1068 2457 1102 2492 zu
1129 2438 1222 2494 tarsen
1249 2438 1294 2493 ist.

126 2514 252 2583 rbhrung
284 2513 384 2568 stehen
403 2537 436 2558 =
456 2512 600 2580 catapan,
631 2511 684 2565 wie
738 2509 873 2579 Dagegen
891 2510 966 2564 steht
985 2512 1057 2564 oben
1071 2525 1132 2564 aun
1150 2511 1296 2579 corpori-

125 2589 191 2650 §ab
214 2600 284 2654 qnae
301 2584 395 2639 onata
408 2583 549 2653 pertinent
567 2583 604 2637 cd
621 2583 685 2650 firte-
742 2581 802 2635 bns
821 2611 854 2620 -
874 2581 986 2636 anicios.

128 2657 239 2724 lacten,
267 2655 334 2710 oder
351 2671 407 2710 ron
436 2653 602 2723 Bedeutung
628 2653 685 2706 und
775 2650 859 2718 §lh
895 2651 1100 2720 quiquidem
1120 2651 1170 2720 ‘ar,
1189 2651 1259 2706 der’.

128 2725 686 2793 Nutaensein,wia§bbeadenbonitas
774 2723 873 2791 quusi
915 2722 1129 2791 praesapiret
1172 2721 1296 2777 absolut:

126 2799 208 2852 etium
227 2798 265 2853 ad
282 2797 484 2852 mntttbrdinern
498 2796 626 2865 pertinet.
741 2792 794 2847 ‘als
813 2792 850 2848 ob
868 2809 899 2847 er
922 2793 983 2847 eine
1001 2793 1173 2864 Vorahnung
1190 2793 1296 2864 gehabt

163 2867 556 2938 eornm,derPythagoreer.
581 2865 685 2934 Pytha·
739 2865 860 2919 hatts’.

127 2955 211 3008 goras
230 2946 281 2995 a'us
296 2939 394 2995 Samos
412 2937 519 2994 stiitete
534 2954 567 2991 au
581 2937 690 2992 Kroton
778 2936 812 2991 L.
831 2934 966 2990 Furias
984 2934 1103 2990 Philas
1122 2953 1141 2990 s.
1161 2934 1234 2990 blial.
1254 2941 1278 2992 3.

129 3010 159 3064 in
191 3008 471 3080 Grolsgriechenland
503 3006 565 3063 eine
597 3008 688 3078 philo·
779 3005 1297 3078 Manraurztasaednerundburnr.

130 3080 278 3150 sophische
293 3080 403 3148 Schule,
423 3080 469 3135 die
484 3079 611 3150 augleich
625 3079 687 3133 aine
778 3077 816 3133 de
843 3093 878 3132 re
901 3077 1050 3146 publica.
1088 3077 1218 3132 Gemeint
1236 3078 1298 3133 sind

128 3151 416 3222 religios-politische
452 3148 689 3205 Genossenschaft
741 3149 787 3203 die
815 3149 881 3203 iibri
902 3164 950 3204 eea
976 3149 1009 3203 de
1035 3165 1064 3203 re
1086 3150 1215 3217 publica,
1242 3165 1298 3205 ron

130 3237 196 3276 war.
228 3222 355 3277 Bekanut
377 3222 415 3277 ist
435 3221 497 3277 ihre
520 3221 609 3276 Lehre
631 3237 688 3276 von
742 3220 831 3274 denen
846 3217 951 3289 jedoch
969 3237 1021 3274 nur
1040 3220 1112 3275 etwa
1131 3220 1177 3275 ein
1194 3219 1298 3276 Drittel

126 3291 181 3346 der
221 3291 489 3364 Seelenwanderung
535 3289 688 3362 (praeparat
741 3308 793 3345 uns
812 3290 939 3344 erhslten
956 3290 1002 3347 ist.
1039 3291 1095 3345 Das
1116 3291 1200 3347 letata
1217 3290 1298 3348 Buch

131 3365 233 3433 χωσις).
741 3361 861 3417 enthielt
892 3361 942 3416 das
974 3378 1025 3416 uns
1061 3377 1117 3417 ron
1141 3360 1299 3420 Macrobius

166 3432 687 3504 fuerant‘lebten'‚(nichtviaeremt,
742 3432 936 3486 aufbcwahrta
955 3432 1096 3488 Samium
1118 3432 1263 3503 Sapiens.

132 3505 169 3560 da
191 3506 278 3559 viane
301 3504 340 3558 it
368 3504 393 3573 1)
412 3504 462 3559 das
479 3504 574 3560 Leben
597 3505 688 3560 haben
777 3503 892 3558 cuins
934 3505 1187 3574 disputationis
1228 3507 1299 3561 ‘und

133 3575 201 3629 oder
221 3575 295 3630 noch
320 3590 366 3628 am
388 3573 481 3630 Leben
504 3575 565 3630 sein
591 3579 619 3645 2)
643 3576 689 3630 ein
741 3574 832 3628 dieser
846 3615 852 3627 .
868 3615 874 3628 .
890 3575 919 3644 .',
938 3575 993 3645 rgl.
1012 3580 1058 3642 §3
1079 3592 1156 3646 quaa

130 3643 227 3729 Leben
243 3645 400 3745 lumem)...
440 3717 448 3742 '
777 3647 847 3729 {ait
860 3675 894 3686 -
908 3647 945 3701 de
965 3645 1108 3702 ‘handelte
1123 3647 1189 3702 von’
1209 3647 1298 3717 (nicht

168 3715 501 3869 ddtdttrwtetrrerdtthdem
512 3785 689 3843 Tarentinar-
742 3718 845 3854 emitte
864 3787 930 3842 ‘fast
949 3786 1189 3842 ausschlieislich’.

131 3857 237 3929 kriegs.
547 3917 556 3925 ,
777 3875 861 3928 qaue
884 3888 918 3898 —
942 3859 1088 3926 dicebat,
1121 3858 1180 3912 lose
1214 3873 1298 3929 ange-

168 3929 695 4000 a'netr'tntr'setpraeceptr's‘durch
741 3929 851 3999 knflpft.
888 3927 951 3999 Vgl.
971 3928 1031 3985 Cat.
1050 3946 1086 3983 m.
1108 3933 1124 3994 5
1144 3934 1159 3982 7
1182 3929 1301 3997 interfui

133 3998 554 4071 Einrichtungsnundhehren'.
564 3999 688 4056 Ersteres
742 4002 866 4070 querellas
880 4031 914 4042 -
928 4016 1011 4069 qnae
1026 4030 1059 4040 -
1074 3999 1215 4069 deplorare
1232 4002 1299 4058 sole·

132 4070 185 4126 mit
211 4072 304 4141 Bezug
332 4071 382 4127 auf
411 4070 456 4127 die
483 4069 688 4142 politischs,
743 4073 816 4128 bant.

133 4141 688 4212 letatsresaufdiereligitta-ethische
778 4144 938 4214 inquiete
958 4139 1007 4196 ‘im
1027 4140 1161 4197 Schlafe’.

133 4211 208 4268 Seite
226 4213 302 4270 ihrer
319 4213 511 4285 Philosophia.
656 4225 662 4238 ·
777 4213 945 4282 Africano
969 4214 1134 4268 senatore.

169 4285 224 4341 cai
243 4301 280 4340 sc.
298 4286 449 4342 uidebatur.
779 4286 822 4341 Id
849 4285 878 4340 ει·
900 4285 951 4340 ita
979 4289 1027 4340 est
1050 4289 1099 4352 at,
1126 4286 1217 4341 ‘uena
1240 4285 1299 4342 dies

165 4355 351 4426 plerisque,
387 4356 438 4412 wie
462 4356 515 4412 den
539 4355 689 4428 Sophisten
742 4355 904 4411 wirklich
930 4357 1301 4427 zu524itanterat)der

38 4432 40 4445 '
132 4426 191 4479 und
208 4443 329 4482 neueren
344 4428 565 4497 Ahademilrern,
583 4429 688 4484 welche
722 4427 806 4518 ‚sau
818 4427 864 4496 ist,
879 4427 916 4482 da
929 4447 942 4483 s
954 4426 1117 4484 nbmlich’
1134 4430 1178 4498 (su
1191 4433 1207 4494 5
1219 4433 1234 4482 7
1248 4431 1300 4495 nt).

188 4522 233 4566 cle.
246 4524 347 4567 Laelius.
1071 4521 1087 4570 2
