3080 4968
488 225 564 282 OAP.
580 225 768 282 XVI-XVII.
802 232 946 293 §bd-62.
1258 229 1300 294 47

131 412 268 477 cumque
291 393 354 474 est,
381 389 423 454 ad
445 387 622 456 tollendam
646 389 823 456 amicitiam
846 392 949 478 valet,
977 391 1057 456 illud
1084 392 1191 476 potius
1215 413 1306 477 prae·

131 479 315 567 cipiendum
345 478 421 562 fuit,
450 482 487 544 ut
514 499 585 543 eam
613 478 818 564 diligentiam
846 479 1071 546 adhiberemus
1094 481 1130 546 iu
1153 481 1306 548 amicitiis

132 568 366 654 comparandis,
390 572 489 633 utne
513 568 640 652 quando
665 590 773 633 amare
792 569 1004 653 inciperemus
1029 591 1111 654 eum,
1135 591 1229 654 quem
1248 571 1306 636 ali·

132 658 260 743 quando
284 657 390 723 odisse
411 677 590 742 possemus.
632 655 844 736 Quinetiam,
867 657 895 722 si
914 659 1021 724 minus
1040 658 1150 724 felices
1173 659 1207 725 in
1226 660 1303 725 deli·
1324 697 1326 701 ·

132 747 237 834 gendo
255 746 439 828 fuissemus,
457 745 625 811 ferendum
643 745 675 811 id
691 743 797 830 Scipio
817 746 926 831 potius
946 768 1043 830 quam
1062 747 1305 814 inimicitiarum

132 840 261 921 tempus
286 835 494 921 cogitandum
517 834 662 920 putabat.

220 923 326 990 XVII.
372 921 430 990 61.
467 922 528 988 His
552 923 653 1009 igitur
670 923 789 990 finibus
812 923 967 990 utendum
991 923 1142 1007 arbitror,
1166 929 1209 1010 ut,
1230 947 1303 992 cum

132 1013 295 1080 emendati
326 1034 432 1078 mores
465 1012 642 1078 amicorum
670 1013 748 1097 sint,
781 1016 851 1078 tum
884 1013 927 1078 sit
958 1013 1042 1078 inter
1075 1035 1129 1078 eos
1158 1015 1303 1079 omnium

131 1125 253 1182 rerum,
280 1102 506 1187 consiliorum,
534 1102 739 1168 voluntatum
767 1102 836 1168 sine
864 1103 931 1168 ulla
953 1103 1141 1186 exceptione
1164 1123 1304 1168 commu·

130 1193 227 1277 nitas,
249 1195 286 1256 ut
308 1191 417 1274 etiam,
440 1191 551 1276 siqua
573 1190 703 1257 fortuna
726 1191 887 1276 acciderit,
908 1194 947 1256 ut
969 1191 1075 1257 minus
1095 1191 1199 1257 iustae
1223 1191 1304 1257 ami·

133 1294 243 1348 corum·
266 1281 450 1346 voluntates
474 1279 674 1346 adiuvandae
698 1279 772 1366 sint,
795 1280 829 1345 in
852 1281 969 1365 quibus
993 1302 1102 1346 eorum
1126 1284 1183 1347 aut
1206 1283 1304 1365 caput
1353 1337 1358 1350 .

133 1374 248 1456 agatur
276 1373 333 1436 aut
358 1369 459 1449 fama,
491 1368 713 1435 declinandum
742 1369 781 1434 de
808 1369 862 1434 via
891 1371 946 1452 sit,
979 1369 1075 1434 modo
1105 1392 1147 1434 ne
1175 1392 1303 1436 summa

131 1458 297 1544 turpitudo
326 1461 492 1544 aequatum
525 1461 575 1524 esl
602 1457 702 1541 enim,
734 1461 892 1542 quatenus
921 1458 1082 1524 amicitiae
1110 1459 1182 1524 dari
1208 1459 1304 1524 venia

131 1547 244 1635 possit.
284 1546 353 1614 Nec
372 1569 448 1614 vero
467 1546 668 1631 neglegenda
687 1549 737 1612 est
756 1547 853 1633 fama,
875 1568 936 1613 nec
959 1547 1119 1612 mediocre
1142 1547 1243 1614 telum
1262 1547 1304 1613 ad

130 1659 182 1703 res
210 1638 365 1722 gerendae
394 1635 579 1701 existimare
602 1637 731 1721 oportet
752 1636 1011 1702 benevolentiam
1039 1636 1170 1720 civium3
1204 1657 1301 1721 quarn

134 1725 298 1792 blanditiis
323 1729 355 1790 et
379 1724 576 1790 adsentando
598 1725 753 1810 colligere
775 1729 870 1809 turpe
894 1729 952 1790 est.
984 1723 1108 1809 Virtus,
1131 1747 1227 1809 quam
1251 1747 1301 1789 sc-

132 1816 241 1901 quitur
264 1815 397 1898 caritas,
424 1813 556 1878 minime
579 1813 778 1899 repudianda
800 1821 857 1882 cst.
905 1812 964 1881 62.
996 1810 1060 1878 Sed
1084 1811 1193 1900 (saepe
1217 1813 1303 1878 enim

133 1990 265 2056 Zeugma,
279 1987 449 2043 daiaoidere
462 1987 588 2042 nudem
597 1987 693 2058 Dativ,
746 1988 811 2043 dem
837 1988 964 2044 Freunde
992 1987 1185 2055 beiaustehen,
1215 1989 1304 2044 einer·

136 2058 181 2114 die
199 2056 300 2112 beiden
320 2058 425 2113 andern
442 2056 536 2114 Verba
557 2058 610 2114 mit
627 2059 691 2115 dem
747 2060 815 2115 scits
834 2061 929 2114 seinen
942 2062 1030 2130 gnten
1045 2059 1102 2114 auf
1117 2059 1196 2115 nicht
1211 2057 1303 2114 ausser
1406 2073 1411 2082 ·

134 2129 250 2185 Ablativ
268 2129 428 2184 verbunden
447 2131 567 2186 werden.
747 2131 822 2186 Acht
852 2131 946 2186 lassen
978 2131 1053 2199 darf,
1086 2147 1116 2186 so
1149 2129 1213 2186 dart
1238 2146 1303 2185 man

169 2235 253 2303 sc·
437 2261 470 2282 =
745 2202 915 2329 eterra
931 2201 1305 2329 acrabitthenam

136 2305 322 2375 Gelegenhfflt
339 2325 387 2360 zur
405 2307 460 2362 ‘⁹'
745 2291 922 2413 lassemgdas
946 2359 1011 2399 man
1035 2345 1094 2399 sich
1118 2343 1242 2400 dadurch
1261 2291 1303 2398 egr·

134 2411 361 2553 vilibaldi}
377 2417 497 2538 {illm
526 2414 619 2470 ‘aa
641 2415 691 2471 ‘¹⁰¹
745 2415 837 2542 llll
855 2415 1306 2556 arevaci-Ferrariam

168 2525 369 2610 emendati
374 2597 381 2623 ,
400 2553 691 2654 Parlieipialadjektiv
745 2575 811 2612 man
829 2503 892 2639 dih
910 2557 999 2638 dieses
1017 2527 1205 2640 Wolilvvollen
1216 2555 1303 2639 ‘nicht

133 2625 323 2754 ,pronam
338 2627 483 2696 (mmm)
497 2627 558 2694 Μ’
585 2626 691 2682 Μ’
745 2627 990 2754 {tibitibi
1017 2627 1237 2768 {alatreta
1255 2642 1304 2752 a

168 2769 241 2849 ciue
258 2768 332 2824 ullo
350 2785 414 2824 eac.
451 2767 492 2822 Im
510 2768 543 2824 D.
564 2769 618 2822 ein
634 2766 690 2822 Ad·
744 2769 929 2839 tugendhafte
959 2768 1127 2839 Verhalten,
1159 2768 1223 2824 dem
1257 2768 1303 2824 die

131 2839 232 2910 jektrv,
252 2856 287 2894 zu
305 2844 320 2904 ξ
339 2845 373 2893 20
392 2856 454 2895 cum
472 2840 661 2921 benevolentia.
743 2839 830 2894 Liebe
852 2839 902 2894 der
924 2839 1081 2911 Mitbr'irger
1103 2855 1168 2895 von
1191 2839 1303 2895 selbst

169 2928 234 2980 quc
246 2910 388 2977 fortuna
400 2910 499 2965 ‘durch
513 2911 613 2981 irgend
627 2927 690 2966 erne
743 2911 816 2982 folgt
833 2912 984 2981 (requieto),
1002 2911 1049 2966 bei
1068 2911 1131 2965 dem
1147 2910 1301 2966 Bostreben

133 2981 253 3051 ngung
271 2981 320 3036 des
339 2981 530 3037 Geschiclres’.
744 2983 808 3037 dem
844 2982 1018 3052 bedrangten
1050 2981 1175 3036 Freunde
1208 2980 1302 3062 beirn-

170 3053 278 3107 rar'aur
295 3053 413 3108 iustae.
442 3052 537 3108 Cicero
552 3054 641 3109 denkt
654 3071 691 3110 an
744 3055 852 3121 stehen,
865 3053 1038 3124 keinesvvegr
1050 3053 1300 3108 auriicknuwersen.

133 3123 222 3206 Falla,
240 3139 283 3205 avc
298 3123 412 3194 jemand
426 3123 472 3178 die
484 3125 691 3208 berteidigcng
775 3126 880 3208 pelam
898 3126 940 3181 ad
953 3141 1005 3180 rec
1017 3141 1080 3210 per.
1101 3124 1300 3207 ‘F'brderungs-

134 3211 210 3250 emes
237 3195 315 3249 mcht
340 3195 527 3252 schuldfreren
549 3195 690 3252 Freundee
743 3195 1300 3266 mittelstactemltnnrscher‘l'hatrgkert'.

135 3265 198 3335 (vie
226 3282 255 3320 er
283 3265 328 3321 die
357 3264 406 3320 des
436 3265 515 3338 Milo)
547 3286 582 3322 zu
609 3268 690 3323 iiber·
745 3266 808 3322 Wie
827 3265 867 3321 im
885 3267 1046 3337 tropischen
1065 3266 1230 3324 Gebrauche
1247 3283 1303 3322 von
1410 3277 1412 3282 ’

133 3337 253 3392 nahmen
271 3336 329 3391 hat.
744 3340 826 3394 telum
849 3338 893 3393 die
912 3337 1183 3409 Gnrndbedentung:
1210 3337 1302 3393 Waffe

170 3405 691 3480 caput‘bdrgerlicheElxistena’,der
744 3428 808 3464 aum
826 3408 938 3479 Angriff
958 3408 1019 3464 hier
1038 3409 1230 3480 ,festgehalten
1252 3409 1300 3478 ist,

133 3475 270 3548 Inbegriff
295 3478 365 3533 aller
390 3475 548 3547 Freiheits-,
571 3481 688 3550 Bdrger-
745 3496 776 3534 eo
789 3481 818 3536 in
832 3481 896 3536 dem
910 3497 965 3536 von
979 3481 1301 3550 mmcdieBedeutung:

133 3550 192 3604 und
217 3547 459 3605 Familienrechte.
496 3549 552 3605 Der
575 3550 691 3607 Verlust
743 3551 856 3608 Waffen
882 3570 943 3606 aum
972 3551 1074 3608 Schuta
1102 3552 1162 3607 (lat.
1187 3569 1224 3605 m.
1250 3556 1300 3616 §9

134 3620 280 3676 derselben
321 3619 414 3674 flihrte
456 3637 504 3675 zur
539 3621 690 3679 &minatio
744 3624 887 3692 aptissima
900 3628 965 3678 areat
978 3640 1058 3679 ormo
1070 3623 1216 3679 senectutis
1229 3625 1302 3676 ortae

135 3692 242 3760 capitu.
747 3695 1002 3763 caecitatemque
1019 3696 1159 3750 adamum.

171 3763 209 3816 de
240 3762 307 3828 oio,
345 3759 417 3814 wir:
454 3777 518 3817 vom
550 3761 692 3819 rechten
783 3765 1151 3832 adsentando,zu§ar.

133 3831 232 3901 che.
787 3835 905 3891 Virtus
923 3834 1112 3891 adversativae
1130 3833 1299 3904 Aeyndeton.

170 3907 219 3958 ert
238 3933 271 3941 -
290 3908 455 3972 quatenus
470 3929 503 3948 =
517 3904 692 3974 aliquatenus

135 3972 691 4116 iiigrdffg,efflnffebiffifssffilznbffkff
746 4017 770 4067 2.
785 4011 950 4066 Welchen
965 4009 1153 4067 Charakter
1167 4015 1302 4067 mussan

135 4119 280 4173 tuendum.
303 4115 373 4172 Eine
383 4116 524 4188 derartige
534 4116 691 4172 Umschrei·
746 4081 801 4138 die
818 4081 985 4209 F‘flgssde'
1005 4083 1058 4138 die
1077 4083 1136 4137 wir
1155 4083 1303 4154 wahlen'

134 4187 191 4243 aun
229 4188 317 4244 aura
335 4193 373 4244 eu
391 4188 445 4242 ma
460 4187 595 4244 uelaava
613 4187 692 4244 nen
932 4161 989 4208 ⁰¹³?
1017 4159 1049 4221 ἐξ
1068 4159 1181 4210 ⁶2‘⁶⁶·
1310 4207 1312 4210 ·

135 4277 182 4314 zur
231 4259 447 4330 eret'arlrung.
782 4259 866 4328 362.
899 4259 1157 4316 Sedabbrechend
1178 4261 1282 4318 ‘doch’.

172 4329 237 4386 Ner
255 4347 337 4388 cero.
367 4330 423 4387 Der
439 4331 569 4386 Sinn'der
583 4347 691 4401 ganzen
780 4347 877 4401 caepe
895 4333 991 4401 caim,
1017 4331 1068 4387 wir
1090 4333 1143 4386 mit
1160 4319 1301 4388 llbertrei-

138 4401 223 4459 Slelle
233 4401 282 4459 ist:
297 4401 350 4462 vvie
360 4418 425 4458 man
434 4402 465 4458 in
474 4402 538 4460 dem
548 4403 690 4460 Wunsche
746 4403 834 4474 bung:
855 4403 965 4461 ‘immer
978 4403 1081 4460 wieder
1097 4403 1169 4461 musa
1187 4403 1235 4460 ich
1245 4404 1302 4456 -'.
