3080 4968
239 243 281 308 66
618 241 772 298 annulus
791 240 840 296 DE
858 240 1032 296 AMICITIA.

237 427 354 489 rerum,
376 405 410 469 iu
433 427 472 471 ea
495 404 666 484 stabilitas,
689 406 723 470 in
748 425 786 470 ea
808 405 1007 491 constantim
1030 427 1112 489 quae
1136 426 1207 470 cum
1231 426 1265 470 se
1288 407 1408 472 extulit

238 501 271 560 et
294 494 436 560 ostendit
460 517 554 560 suum
581 494 690 559 lumen
713 496 746 559 et
767 493 852 559 idem
881 495 1007 578 aspexit
1031 494 1246 579 adgnovitque
1272 495 1305 558 in
1329 495 1408 578 alio,

239 584 279 649 ad
303 583 336 648 id
355 605 389 648 se
412 583 562 650 admovet
579 582 786 668 vicissimque
810 583 927 667 accipit
944 582 1032 667 illud,
1056 582 1141 667 quod
1159 583 1193 648 in
1216 583 1318 649 altero
1340 589 1407 668 est,

238 694 277 738 ex
305 694 368 757 quo
398 673 575 738 exardescit
602 673 670 738 sive
703 694 795 738 amor
822 672 889 736 sive
923 671 1080 756 amicitia,
1111 674 1284 756 utrumque
1317 675 1406 738 eninr

237 760 358 826 dictum
381 765 431 827 est
453 763 495 827 ab
519 761 671 845 amando,
696 781 804 827 amare
828 765 937 826 autem
959 761 1042 825 nihil
1066 763 1115 826 est
1137 760 1226 826 aliud
1248 761 1313 826 nisi
1331 783 1405 828 eum

236 849 343 934 ipsum
371 849 517 936 diligere,
545 872 641 936 quem
669 872 769 931 ames,
803 849 894 915 nulla
920 849 1112 936 indigentia,
1143 850 1233 915 nulla
1264 850 1406 916 utilitate

237 939 396 1023 quaesita3
419 961 501 1024 quae
528 942 639 1004 tamen
668 940 739 1024 ipsa
766 937 938 1004 efflorescit
966 961 1005 1004 ex
1033 939 1187 1023 ammitia,
1210 938 1340 1005 etiamsi
1366 944 1404 1006 tu

237 1049 308 1092 eam
340 1028 446 1092 minus
480 1031 607 1094 secutus
641 1028 694 1092 sis.
751 1024 834 1094 101.
868 1027 940 1092 H'ac
966 1049 1026 1094 nos
1060 1026 1279 1093 adulescentes
1309 1029 1403 1096 bene·

236 1116 380 1181 volentia
408 1138 499 1182 senes
527 1117 616 1202 illos,
647 1114 856 1200 IaPaulum,
882 1115 925 1181 M.
954 1114 1124 1199 (latonam,
1152 1114 1185 1182 Ο.
1209 1115 1340 1201 Galum,
1368 1118 1403 1184 P.

134 1215 137 1224 '
235 1203 402 1290 Nasicam,
426 1204 475 1270 Τι’.
499 1205 693 1289 Gracchum,
721 1202 881 1290 Scipionis
909 1206 1014 1272 nostri
1038 1227 1197 1289 socerum,
1225 1205 1403 1293 dileximus,

236 1294 316 1360 haec
335 1294 435 1360 etiam
458 1295 563 1380 magis
583 1294 687 1359 elucet
710 1293 794 1359 inter
813 1295 973 1380 aequales,
996 1297 1033 1360 ut
1054 1295 1208 1360 interme
1232 1299 1264 1359 et
1283 1293 1403 1381 Scipio-

234 1405 319 1461 nem,
342 1381 378 1448 L.
398 1381 541 1467 Furium,
559 1383 594 1448 P.
613 1383 790 1468 Rupilium,
810 1382 864 1468 Sp.
882 1383 1083 1449 Mummium.
1119 1383 1273 1449 Vicissim
1297 1390 1402 1451 autem

234 1493 326 1536 senes
350 1471 385 1536 in
408 1472 661 1538 adulescentium
680 1473 816 1538 caritate
839 1472 1084 1558 adquiescimus,
1106 1473 1201 1537 utin
1224 1476 1344 1559 vestra,
1367 1481 1404 1541 ut

232 1561 268 1624 in
301 1558 336 1636 Q.
365 1560 557 1647 Tuberonis3
595 1561 741 1646 equidem
775 1562 873 1628 etiam
911 1562 1083 1627 admodum
1120 1561 1332 1628 adulescentis
1369 1563 1403 1630 Ρ.

233 1648 344 1734 Rutili,
367 1647 407 1715 A.
426 1649 562 1736 Vergini
585 1650 807 1716 familiaritate
826 1650 975 1716 delector.
1013 1649 1233 1735 Quoniamque
1252 1651 1400 1720 iteratio

233 1743 421 1822 comparata
444 1743 494 1804 est
516 1740 602 1805 vitae
625 1744 824 1824 naturaeque
846 1741 991 1824 nostrae,
1014 1743 1051 1803 ut
1076 1741 1140 1804 alia
1162 1760 1199 1804 au
1221 1741 1286 1804 clia
1308 1744 1397 1805 aetas

234 1827 372 1913 oriatur,
404 1850 554 1893 maxume
587 1828 715 1912 quidem
749 1828 925 1913 optandum
953 1831 1015 1907 est,
1047 1833 1084 1893 ut
1111 1850 1183 1893 cum
1214 1829 1399 1913 aequalibus

231 1916 349 2000 possis,
368 1917 560 2001 quibuscum
573 1920 738 2001 tamquam
758 1939 775 1982 e
790 1918 971 1982 carceribus
987 1917 1121 1982 emissus
1141 1917 1194 2000 sis,
1214 1939 1285 1983 cum
1300 1918 1401 1983 isdem

267 2145 505 2200 couocuieutia
536 2161 644 2200 rerum
672 2144 719 2200 ‘vt
745 2145 789 2200 'e
843 2144 1403 2215 gersohndes'alterenhirilranuuSeiue

231 2213 405 2269 Harmonie’.
440 2232 532 2271 rerum
563 2214 653 2271 hleibt
684 2215 723 2269 im
782 2258 787 2270 .
843 2215 965 2271 Tochter
989 2215 1152 2286 Sempronia
1172 2233 1231 2270 war
1260 2216 1312 2271 mit
1338 2216 1404 2272 dem

232 2284 418 2356 uniibersetzt,
438 2303 471 2340 au
485 2292 500 2352 5
514 2291 548 2340 28
566 2302 658 2342 rerum
675 2292 788 2342 sutura.
839 2287 891 2357 jtin
913 2302 961 2340 ern
979 2286 1129 2342 Afrilranus
1147 2286 1294 2343 vermlihlt.

231 2354 295 2425 Vgl.
320 2360 389 2420 520
416 2359 697 2414 omnium-rerum
725 2373 788 2413 cou-
911 2358 1035 2425 urium,
1068 2358 1259 2428 Rupilium,
1292 2359 1401 2414 Mum-

230 2427 325 2482 scusio.
841 2429 941 2483 miuus
955 2429 1027 2483 auch
1041 2435 1100 2495 569
1115 2429 1400 2499 zusammengestellt.

266 2514 361 2569 quac,
383 2499 463 2554 nicht
481 2501 649 2567 cuutautia,
668 2498 788 2555 sondern
877 2501 1148 2569 adquiescimus,
1171 2499 1227 2570 vgl.
1248 2506 1263 2567 5
1282 2507 1315 2556 22
1340 2518 1403 2557 cou-

230 2569 326 2625 uirtus.
843 2572 962 2642 quiescit.

266 2655 360 2696 suum
377 2642 487 2698 lumea
501 2642 561 2697 ‘das
576 2642 621 2696 ihr
635 2642 789 2712 eigentfim·
881 2642 1082 2710 Tuberonis,
1102 2661 1135 2696 uu
1154 2648 1169 2709 5
1189 2649 1232 2698 37.

230 2709 304 2766 licha
322 2710 425 2768 Licht’.
458 2712 523 2784 Vgl.
542 2719 557 2779 5
576 2719 610 2769 27
630 2714 719 2768 lurucu
737 2715 789 2768 ali·
880 2713 915 2767 P.
942 2712 1100 2768 Rutilius
1126 2713 1250 2782 Rufus,
1284 2713 1404 2770 Schiiler

230 2784 302 2852 quod
315 2785 465 2852 probitatis
482 2791 507 2840 ct
524 2786 636 2840 uirtutis
654 2784 712 2840 und
725 2789 740 2850 5
754 2789 789 2840 48
843 2783 892 2839 des
916 2783 1042 2839 Stoilrers
1065 2785 1198 2840 Penatius
1222 2785 1279 2838 und
1302 2785 1351 2840 des
1369 2787 1400 2841 P.

229 2869 251 2908 u.
270 2854 301 2908 Ε.
842 2854 951 2910 Mucius
975 2854 1095 2910 Scitvola
1117 2855 1146 2909 in
1165 2856 1214 2911 der
1232 2856 1402 2911 Rechtswis-

264 2941 296 2980 sc
314 2925 478 2993 admovet,
496 2927 553 2997 vgl.
569 2932 584 2993 5
598 2932 631 2982 82
646 2927 790 2996 applicarit
843 2926 992 2992 senachaft
1008 2925 1106 2995 Jurist,
1120 2928 1214 2982 dientc
1230 2927 1271 2979 als
1282 2927 1403 2983 Militar-

229 3010 284 3050 sesc
298 3000 322 3050 et
335 2999 455 3066 propius
473 2999 622 3054 admouent.
841 2997 935 3051 tribuo
960 2999 1042 3054 anter
1061 2998 1154 3068 Scipio
1171 3013 1222 3052 vor
1239 2997 1403 3054 Numantia.

265 3082 355 3122 curor
370 3097 404 3108 -
420 3070 588 3135 amicitia,
607 3069 663 3140 vgl.
683 3074 698 3135 5
717 3073 760 3124 26.
842 3067 938 3123 Cicero
963 3070 1050 3122 uennt
1074 3069 1123 3123 ihu
1147 3069 1298 3137 mucium
1321 3071 1402 3124 iuno-

265 3137 362 3191 uulla
419 3140 617 3209 iudiyeutic
672 3140 787 3195 ‘ohne
842 3141 956 3206 cestius,
980 3155 1032 3209 quo
1056 3156 1133 3197 acmo
1155 3155 1240 3210 usquc
1267 3141 1401 3211 integrior

229 3206 298 3262 alles
317 3208 372 3263 -'.
840 3211 926 3278 fucrit
956 3211 988 3264 iu
1019 3213 1129 3266 ciuitate
1163 3227 1248 3282 uque
1277 3213 1401 3266 sanctior

240 3313 245 3330 .
264 3279 420 3348 quaesita
432 3280 534 3350 gehort
547 3298 600 3336 nur
613 3297 646 3334 zu
659 3280 786 3335 utilitate.
841 3281 884 3351 (dc
902 3296 941 3336 or.
960 3280 973 3334 I
991 3285 1063 3350 229).

264 3351 340 3419 ipsu
360 3348 426 3405 ‘von
446 3350 556 3406 selbst’.
876 3353 912 3406 A.
936 3351 1131 3423 Verciuius,
1154 3352 1200 3408 ein
1219 3355 1297 3408 scusi
1319 3352 1399 3407 nicht

264 3424 400 3486 secutus
417 3423 472 3476 sis.
501 3422 623 3478 Beachte
637 3423 713 3492 sequi
726 3421 787 3478 hier
841 3423 996 3478 bekannter
1013 3425 1110 3480 turist

228 3490 259 3545 in
282 3490 332 3546 der
353 3508 406 3561 gar
428 3491 507 3548 nicht
530 3494 656 3548 seltener
680 3493 783 3548 Bedeu-
878 3493 1398 3564 Quoniamque‘dauberhaupt',

229 3563 302 3633 tang
321 3563 449 3619 ‘wonach
467 3563 618 3620 trachten’.
840 3563 898 3636 vgl.
916 3570 931 3632 5
950 3572 984 3621 23
1005 3565 1130 3636 Ouaque.

875 3642 965 3692 ratio
996 3637 1222 3692 umschreibeud:
1261 3637 1398 3693 ‘Ninaich-

264 3704 356 3774 5101.
377 3705 786 3775 Paulum,Gatouem,Ga·
840 3709 919 3776 tuug,
938 3707 1185 3764 BesohaffenheIt’.

227 3775 306 3843 lum,
333 3795 367 3831 au
385 3782 401 3843 5
420 3784 449 3846 93
477 3795 636 3834 zusammen
663 3781 788 3848 genaunt
876 3783 969 3834 actas
989 3779 1198 3846 ‘Generation’3
1217 3796 1255 3836 cc
1273 3780 1346 3834 ulia
1363 3805 1398 3828 ε

227 3849 299 3902 auch
317 3853 332 3914 5
352 3852 393 3902 21.
840 3849 972 3905 ‘immer'.

263 3918 786 3990 RNasicam,P.OorneliusScipio
874 3937 888 3976 e
919 3922 1113 3976 carceribus
1139 3952 1173 3962 —
1197 3923 1238 3977 ad
1269 3923 1393 3978 calcem.

227 3987 331 4045 Nasica
363 3990 524 4058 Corculum,
557 3988 786 4060 Schwiegersohn
839 3991 968 4046 Disselbe
996 4009 1052 4048 von
1079 3993 1129 4048 der
1155 3991 1312 4048 Rennbahn
1336 3992 1394 4046 snt·

227 4058 277 4114 des
295 4061 403 4116 altereu
420 4060 584 4130 Afrikanus,
608 4061 715 4117 Konsul
735 4068 785 4118 162
839 4063 935 4119 lehntc
953 4062 1102 4132 Metapher
1121 4063 1180 4120 Cat.
1199 4082 1235 4118 m.
1256 4070 1271 4131 5
1290 4069 1323 4118 83
1347 4078 1395 4116 uec

229 4131 286 4186 und
302 4135 361 4198 155,
381 4132 468 4187 Vater
481 4134 530 4188 des
544 4131 647 4188 Nasica
662 4133 786 4203 Serapio,
839 4150 902 4190 vero
921 4134 1001 4190 uelim
1019 4135 1099 4204 quasi
1117 4136 1228 4191 dccurm
1250 4136 1341 4204 spatia
1359 4134 1397 4188 ad

227 4200 277 4254 des
287 4202 415 4258 Mordere
429 4203 478 4258 des
488 4202 529 4258 Τί.
541 4203 682 4259 Gracchus
696 4207 722 4274 (5
732 4205 785 4274 41).
840 4220 959 4262 carceres
973 4223 991 4260 a
1008 4207 1080 4261 calca
1092 4207 1230 4270 reuocari;
1248 4208 1286 4260 ad
1299 4207 1397 4261 calcem

266 4271 314 4326 Ti.
334 4273 534 4342 Gracchum,
551 4275 640 4331 Vater
658 4275 706 4330 des
724 4273 785 4329 Tib.
842 4276 915 4331 ‘zum
933 4274 1070 4332 Enduiel’.
1102 4274 1237 4332 Dasselbe
1255 4277 1350 4332 warde
1368 4276 1397 4330 in

227 4343 284 4396 und
299 4339 383 4411 Oajus
398 4344 548 4414 Gracchus,
568 4345 714 4413 ebenfalls,
733 4346 786 4402 uie
841 4347 891 4402 der
904 4346 1024 4403 alteaten
1038 4346 1099 4401 Zeit
1108 4346 1195 4401 durch
1204 4346 1288 4415 Kalk,
1303 4348 1398 4418 spater

226 4411 277 4468 der
291 4413 362 4468 eben
378 4419 518 4484 genaunte
532 4417 644 4486 Nasica,
665 4417 785 4472 Schwie·
841 4417 929 4473 durch
946 4417 1048 4473 Kreide
1068 4419 1162 4487 (aaa)
1180 4416 1353 4472 bezeichnet.

1521 4853 1523 4937 l
