3080 4968
638 209 715 266 OAP.
736 211 755 266 1.
776 187 896 275 ¹s'a-r.
1336 213 1357 278 9

184 375 265 440 nani.
296 373 378 439 Eius
398 371 626 458 disputationis
642 372 820 438 sententias
834 373 1009 439 memoriae
1024 372 1184 458 mandavi,
1203 374 1361 458 quashoe

184 464 269 528 libro
290 463 422 546 exposui
442 461 601 526 arbitratu
616 479 702 546 me03
723 462 817 546 quasi
836 461 922 526 enim
941 462 1031 547 ipsos
1049 462 1161 528 induxi
1179 463 1362 548 loquentes,

185 573 226 618 ne
246 550 430 636 ‘inquam'
450 555 483 616 et
502 548 662 634 ‘inquit'
679 551 808 634 saepius
827 551 1093 634 interponeretur,
1113 556 1211 637 atque
1226 557 1262 617 ut
1276 555 1360 618 tam·

187 663 284 726 quam
308 663 326 721 a
349 639 573 724 praesentibus
598 661 707 704 eoram
729 639 845 704 haberi
868 661 975 705 sermo
997 639 1168 707 videretur.
1280 659 1281 662 ’

279 727 313 793 4.
333 727 415 793 (lum
431 731 518 793 enim
533 727 770 812 saepe'm'eeum
784 749 908 813 ageres,
922 731 959 792 ut
973 729 1012 793 de
1031 729 1173 794 amicitia
1188 729 1361 795 s'oriberem

190 817 326 902 aliquid,
354 818 454 903 digna
482 818 563 882 mihi
586 839 638 882 res
662 839 736 882 eum
759 818 904 883 omnium
927 817 1127 904 cognitione,
1153 822 1224 884 tum
1247 822 1361 884 nostra

191 906 414 972 familiaritate
441 906 513 971 visa
541 910 599 972 est.
644 906 759 991 Itaque
783 907 845 971 feei
866 928 932 971 non
955 905 1092 990 invitus,
1114 909 1152 970 ut
1174 906 1361 990 prodessem
1411 955 1419 976 2

189 996 302 1060 multis
325 1000 443 1080 rogatu
466 998 531 1060 tuo.
569 993 632 1060 Sed
655 999 692 1061 ut
707 995 748 1060 -in
772 993 894 1061 (latone
912 995 1046 1078 Maiore,
1071 995 1125 1080 qui
1147 999 1198 1060 est
1216 995 1362 1080 seriptus

187 1085 227 1149 ad
249 1087 285 1162 ,te
309 1085 347 1149 de
372 1088 552 1166 senectute,
577 1081 736 1149 (tatonem
759 1084 872 1148 induxi
895 1106 1004 1149 senem
1029 1085 1262 1169 disputantem,
1286 1085 1362 1169 quia

189 1173 283 1238 nulla
300 1173 473 1238 videbatur
491 1176 600 1258 aptior
622 1195 775 1258 persona,
800 1195 881 1258 quae
900 1174 939 1238 de
957 1174 1015 1238 illa
1034 1176 1143 1238 aetate
1167 1174 1365 1258 loqueretur,

189 1284 285 1346 quam
311 1262 388 1346 eius,
412 1263 467 1346 qui
490 1266 523 1326 et
546 1261 727 1327 diutissime
752 1261 983 1328 senex'fuisset
997 1265 1035 1348 et
1053 1263 1088 1326 in
1105 1263 1178 1347 ipsa
1197 1266 1361 1327 senectute

188 1355 319 1434 praeter
349 1356 474 1417 eeteros
501 1351 680 1430 floruisset,
711 1351 770 1430 sio,
801 1373 874 1415 oum
902 1352 1137 1436 aoeepissemus
1166 1375 1185 1416 a
1213 1352 1362 1436 patribus

189 1439 330 1504 maxime
360 1438 609 1512 memorabilem
627 1437 662 1504 O.
684 1439 778 1504 Laeli
805 1443 838 1504 et
861 1439 896 1506 P.
920 1438 1078 1524 Scipionis
1101 1439 1363 1504 familiaritatem

185 1527 301 1612 fuisse,
328 1529 446 1596 idonea
474 1529 555 1593 mihi
578 1528 671 1594 Laeli
697 1550 839 1613 persona
861 1529 933 1594 visa
956 1532 1019 1612 est,
1049 1550 1130 1614 quae
1154 1529 1193 1594 de
1218 1528 1363 1594 amicitia

190 1639 228 1682 ea
251 1618 323 1703 ipsa
347 1618 529 1700 dissereret,
553 1639 635 1702 quae
659 1617 826 1702 disputata
850 1618 890 1682 ab
914 1639 951 1682 eo
976 1617 1179 1682 meminisset
1198 1615 1362 1683 Scaevola.

221 1828 413 1882 sententias
431 1825 710 1896 ‘Hauptgedanken'.
800 1831 847 1892 §3
865 1827 938 1882 hune
957 1827 1060 1883 librum
1078 1828 1116 1883 ad
1138 1831 1164 1882 te
1181 1827 1214 1882 da
1231 1829 1363 1882 senectute

221 1913 305 1967 quas
331 1897 400 1951 ‘und
424 1894 523 1966 diese’,
551 1897 587 1952 da
611 1897 659 1952 der
682 1895 746 1952 Sata
799 1898 959 1954 misimus.
1089 1900 1092 1904 ’
1161 1917 1163 1924 ·

187 1968 242 2023 den
261 1967 507 2037 Hauptgedanlren
525 1968 641 2023 enrhalt.
815 1984 950 2024 «senem.
977 1967 1073 2023 Dureh
1087 1967 1132 2024 die
1147 1967 1299 2037 Treuuung
1313 1966 1363 2022 der

222 2039 398 2094 arbitratu
424 2053 490 2093 meo
516 2038 590 2094 nach
618 2040 746 2110 sigenam
800 2039 968 2109 Apposition
990 2056 1046 2095 von
1070 2039 1199 2094 aaronem
1222 2037 1292 2093 wird
1316 2038 1362 2093 die

187 2107 343 2176 Ermessen,
362 2109 389 2165 d.
408 2108 426 2164 i.
447 2109 532 2166 ‘frei’.
800 2111 1013 2180 Veranlassuug
1028 2111 1077 2166 der
1086 2109 1173 2165 Wahl
1186 2109 1362 2165 naehdriiolr-

223 2181 308 2236 euim
328 2180 499 2250 ‘allerdinga
518 2179 651 2238 freilieh’.
800 2181 859 2236 liah
876 2181 1117 2252 hervorgehoben.
1371 2207 1374 2215 =

223 2252 315 2321 ipsos
339 2251 380 2306 ‘ia
404 2251 516 2322 eigeuer
540 2253 666 2308 Persan’.
703 2251 748 2308 Da
833 2251 1361 2322 parsonamsprungliehdieMaske,

188 2322 247 2376 dies
261 2340 315 2376 nur
326 2322 473 2378 seheinbar
487 2340 554 2392 war,
567 2323 626 2378 und
640 2323 746 2394 eigent
801 2323 876 2378 daun
895 2322 1122 2394 (metonymisoh)
1147 2323 1192 2378 die
1211 2321 1293 2378 Rolle
1312 2322 1361 2378 dee

186 2393 244 2448 lioh
269 2393 364 2450 Cicero
387 2393 481 2460 redet,
505 2393 545 2449 ist
566 2397 666 2464 quast
687 2395 747 2449 und
801 2393 1011 2464 Sahauspielers
1038 2398 1064 2464 (ξ
1084 2399 1119 2448 93
1146 2395 1179 2449 in
1205 2392 1362 2449 Gnathonis

186 2465 311 2520 naohher
329 2470 499 2535 tamquam
517 2465 710 2536 hinaugeltigt.
796 2468 937 2548 persona),
956 2465 1014 2520 und
1028 2467 1132 2520 tibertr.
1148 2465 1194 2520 die
1210 2463 1301 2532 Rolle,
1316 2465 1361 2519 die

222 2551 265 2591 na
298 2567 332 2576 -
364 2537 647 2605 interponeretur
684 2536 746 2592 ‘um
797 2537 915 2605 Jemand
932 2537 972 2590 im
990 2536 1086 2591 Leben
1105 2536 1198 2606 spielt,
1219 2535 1277 2590 ‘die
1296 2535 1361 2589 Per·

186 2605 267 2661 nieht
282 2647 288 2661 .
303 2651 309 2663 .
326 2649 332 2664 .
351 2626 385 2661 zu
403 2607 561 2662 missen'.
801 2607 992 2675 sanliohkeit’,
1010 2609 1110 2662 immer
1127 2606 1181 2662 mit
1199 2607 1293 2675 Bezug
1313 2605 1363 2661 auf

224 2693 333 2733 eoram
362 2675 544 2748 ‘perstnlioh’
569 2679 711 2734 verstarkt
729 2697 748 2734 a
801 2676 1364 2748 bestimmteEigensehaFten,aufStand,

182 2750 381 2818 praesentibus.
801 2749 883 2820 Raug
896 2749 954 2803 uud
968 2749 1035 2803 Amt
1051 2747 1141 2817 (nieht
1154 2747 1194 2800 im
1206 2746 1291 2803 Sinus
1306 2763 1362 2802 von

223 2819 285 2892 μ.
307 2837 428 2876 meeum
442 2836 563 2890 aperus.
588 2819 748 2891 ,taenarum
801 2819 982 2876 Indiuiduum
1000 2846 1033 2866 =
1052 2821 1149 2889 homo).

187 2891 280 2960 aliquo
303 2891 431 2962 (populo,
458 2892 567 2960 senatu)
595 2891 748 2962 eigentlioh
839 2892 922 2958 eius,
941 2892 1000 2963 qui
1019 2891 1114 2958 ‘eines
1133 2889 1204 2944 der’.

188 2961 234 3016 ein
265 2961 495 3032 publioistiseher
521 2961 671 3018 Ausdruolr
703 2966 749 3033 (uu
838 2962 1038 3018 diutissime.
1050 2960 1202 3017 Catostarb
1211 2960 1361 3018 149v.0hr.

188 3037 203 3096 ἓ
222 3033 277 3100 96),
302 3033 364 3088 hier
389 3033 439 3088 auf
464 3032 748 3088 Privatverhtltnisse
802 3031 833 3088 in
851 3033 942 3088 einem
959 3034 1040 3088 Alter
1059 3050 1114 3088 von
1133 3037 1167 3088 85
1186 3032 1300 3088 Jahren.

187 3103 749 3174 ubertragenzmitBitteninjemanden
834 3109 972 3173 praeter
1004 3109 1132 3160 ceteros
1166 3105 1362 3170 floruisset,

191 3170 317 3244 dringen,
333 3175 600 3244 ‘einemanliegen'‚
615 3174 693 3241 wie&
707 3181 747 3232 16.
802 3175 875 3230 naoh
905 3174 964 3230 Cat.
995 3193 1032 3228 m.
1052 3180 1103 3241 §8
1131 3175 1220 3230 durch
1247 3190 1310 3244 opas
1337 3179 1363 3229 et

224 3245 290 3310 feei
317 3277 350 3286 —
377 3251 428 3314 ut,
459 3245 539 3302 nieht
565 3245 656 3302 blaise
681 3247 748 3301 Um·
803 3247 897 3317 sapiae
915 3251 941 3301 et
958 3247 1088 3316 tinnitus.

191 3314 372 3386 schreibung‚
394 3317 514 3372 sondern
531 3317 561 3371 in
580 3317 644 3371 dem
664 3316 749 3372 Sinne
839 3317 1096 3386 accepissemus,
1123 3333 1179 3372 von
1203 3317 1251 3372 der
1275 3317 1362 3371 durch

187 3402 243 3441 von
277 3385 335 3441 ‘ioh
365 3387 440 3442 habe
470 3387 547 3443 mioh
584 3388 657 3444 daau
689 3390 748 3442 ent-
801 3386 985 3443 Tradition
1011 3388 1246 3458 lantgepflanuten
1268 3388 1362 3443 Nach-

189 3457 345 3526 sehlossen,
372 3458 563 3512 verstanden’.
595 3459 658 3529 Vgl.
688 3457 747 3516 Cat.
801 3458 883 3515 rioht.

187 3543 225 3582 m.
244 3532 308 3593 §42
327 3528 432 3583 inuitus
449 3529 513 3597 saei,
530 3529 748 3586 rur-wu-
836 3531 977 3586 mauima
994 3530 1244 3586 memorabilem.
1282 3529 1361 3584 Wes-

188 3599 325 3656 mim'num
343 3616 357 3654 e
374 3604 473 3655 senatu
490 3601 607 3656 eicerem
628 3633 659 3642 —
680 3618 747 3658 uon
800 3601 869 3657 halb
888 3601 934 3656 die
948 3600 1172 3671 Umrohreibuug
1191 3601 1239 3655 des
1259 3601 1360 3671 Super-

188 3670 333 3739 inuitus‚
352 3669 469 3726 Litotes.
800 3671 904 3728 latius?

223 3741 341 3797 multis
357 3741 460 3796 ‘sinam
475 3741 608 3798 weiteren
621 3741 747 3812 Kreise'3
837 3745 1019 3800 dissereret
1037 3773 1071 3784 ·-
1091 3743 1285 3810 disputata,
1307 3739 1361 3794 mit

187 3814 748 3955 ltlallu‘letullltlltllhutt
801 3811 1169 3941 ttulitntltttt
1183 3810 1361 3952 illuit

186 3958 263 4010 tratu
280 3957 356 4025 nuo).
449 4001 453 4011 .
802 3957 886 4010 Sonat
895 3954 934 4010 ist
947 3956 1076 4010 disserere
1086 3953 1151 4023 (aig.
1162 3952 1360 4009 auseinander·

186 4026 281 4150 nti}
297 4027 748 4168 enitendum:
801 4024 1111 4166 inuniunt
1133 4041 1361 4152 tritanu·

186 4166 310 4222 widmen
341 4169 400 4223 und
434 4168 583 4224 handeln
615 4185 672 4225 ron
704 4199 746 4224 -.
802 4183 893 4237 gagen
929 4169 1071 4236 disputare
1103 4170 1169 4237 (von
1206 4139 1362 4238 dis-lautam

186 4237 289 4294 Umor:
318 4236 410 4294 einem
438 4239 484 4295 ein
510 4239 591 4294 Bueh
618 4238 747 4309 widinen,
801 4239 918 4309 [purum
944 4238 1046 4310 faeere]
1079 4239 1134 4309 aig.
1166 4239 1362 4295 auseinander-
1433 4247 1444 4266 ⁸

187 4308 325 4393 ausignen
348 4310 388 4365 ist
409 4311 526 4394 saritam
554 4311 622 4365 oder
643 4311 748 4367 mittere
800 4309 937 4393 reinigeu,
955 4309 998 4365 ins
1011 4310 1101 4394 lteine
1114 4309 1254 4394 liningen),
1274 4312 1361 4366 etwas

188 4379 288 4436 labrum
317 4381 354 4437 ad
382 4382 507 4452 aliquan.
547 4380 611 4452 Vgl.
631 4381 690 4438 Cat.
710 4399 747 4437 m.
802 4380 1069 4452 wissenschaftheh,
1095 4383 1148 4436 mrt
1166 4381 1299 4437 Grfinden
1317 4379 1362 4434 fur
