3080 4968
501 232 579 289 OAP.
594 231 808 288 XXII—XXIV.
842 237 857 299 5
873 237 987 290 85-88.
1292 233 1335 298 59

157 398 356 465 inmanitate
374 401 518 476 naturae,
536 416 730 481 congressus
748 399 785 462 ut
803 396 970 462 bominum
984 395 1091 481 fugiat
1104 400 1202 481 atque
1222 395 1335 482 oderit,

159 488 291 572 qualem
309 485 410 552 fuisse
428 484 568 551 Athenis
588 484 756 549 Timonem
775 487 885 550 nescio
904 507 999 570 quem
1019 487 1208 571 accepimus,
1226 489 1337 550 tumen

157 578 190 642 ie
209 577 362 662 patinon
380 575 493 660 possit,
511 577 632 639 utnon
652 575 802 658 anquirat
820 574 970 659 aliquem,
989 572 1073 658 apud
1093 596 1187 658 quem
1206 579 1336 641 evomat

156 667 249 730 virus
273 664 460 730 acerbitatis
484 685 571 728 suae.
612 662 721 747 Atque
743 663 806 728 hoc
825 664 965 728 maxime
982 662 1187 747 iudicaretur,
1211 664 1239 729 si
1257 664 1335 751 quid

156 755 226 820 tale
248 757 360 838 posset
383 754 585 838 contingere,
612 755 650 816 ut
677 752 795 835 aliquis
823 773 884 818 nos
913 752 991 817 deus
1019 773 1058 816 ex
1080 752 1141 818 hao
1163 752 1333 819 hominum

157 843 344 928 frequentia
365 843 498 908 tolleret
521 846 554 907 et
575 841 609 905 in
633 841 807 906 solitudine
826 842 954 926 uspiam
978 841 1152 907 collocaret
1174 845 1268 927 atque
1286 843 1334 909 ibi

157 932 372 1017 suppeditans
397 930 541 998 omnium
569 952 690 1013 rerum,
718 952 798 1015 quas
825 935 944 996 natura
971 930 1143 1014 desiderat,
1171 931 1334 997 abundan-

155 1024 241 1086 tiam
266 1026 299 1086 et
318 1021 446 1105 copiam
464 1019 605 1085 hominis
626 1019 757 1085 omnino
777 1019 954 1106 aspiciendi
971 1021 1168 1104 potestatem
1187 1020 1334 1103 eriperet.

158 1110 241 1188 Quis
261 1114 329 1176 tam
349 1113 436 1175 esset
453 1109 587 1194 ferreus,
610 1109 665 1193 qui
684 1129 756 1174 eam
774 1109 877 1175 vitam
896 1109 979 1174 ferre
997 1111 1117 1193 posset,
1136 1109 1250 1194 cuique
1269 1131 1335 1175 uon

159 1199 306 1265 auferret
331 1199 473 1265 fructum
501 1200 705 1285 voluptatum
739 1200 882 1264 omnium
913 1197 1077 1264 solitudo?
1115 1196 1173 1265 88.
1211 1197 1333 1263 Verum

158 1310 240 1374 ergo
264 1288 343 1353 illud
368 1292 426 1373 est,
450 1289 535 1373 qood
555 1310 574 1352 a
593 1287 771 1356 Tarentino
791 1287 943 1372 Archyta,
966 1291 1003 1352 ut
1026 1287 1150 1371 opinor,
1174 1286 1236 1352 dici
1260 1288 1334 1352 soli·

156 1383 232 1442 tum
259 1381 389 1443 nostros
419 1398 511 1442 senes
536 1397 787 1442 commemorare
811 1376 920 1441 audivi
948 1378 988 1441 ab
1018 1376 1090 1441 aliis
1119 1377 1248 1444 senibus
1277 1399 1332 1441 au·

155 1467 276 1532 ditum:
296 1465 441 1552 ‘siquis
461 1467 499 1531 in
515 1466 662 1549 oaqlum
677 1467 921 1531 ascendisset
934 1470 1190 1551 naturamque
1205 1465 1334 1530 mundi

155 1559 195 1621 et
231 1555 564 1640 pulchritudinem
607 1555 775 1620 siderum
816 1555 1094 1642 perspexisset,
1136 1556 1334 1620 insuavem

154 1645 268 1710 illam
283 1645 582 1710 admirationem
601 1644 636 1708 ei
653 1643 751 1728 fore3
772 1666 868 1730 quae
881 1642 1163 1710 iucundissima
1176 1643 1335 1730 fuisset,

157 1735 192 1799 si
217 1734 399 1817 aliquem,
428 1734 488 1798 eui
512 1738 705 1818 narraret,
731 1731 961 1799 habuisset'.
1007 1730 1060 1799 Sic
1083 1737 1202 1797 natura
1226 1734 1336 1798 solita·

156 1823 245 1886 rium
268 1821 351 1886 nihil
375 1826 465 1886 amat
487 1843 677 1907 semperque
697 1822 738 1887 ad
762 1822 894 1907 aliquod
912 1825 1079 1907 tamquam
1103 1820 1334 1887 adminiculum

158 1909 332 1994 adnititur3
356 1909 440 1994 quod
464 1911 506 1975 in
523 1911 719 1977 amicissimo
743 1933 869 1996 quoque
893 1911 1114 1977 dulcissimum
1138 1914 1197 1976 est.

249 1997 369 2064 XXIV.
416 1998 479 2064 Sed
502 2021 574 2065 eum
597 2004 649 2065 tot
672 2000 775 2086 signis
799 2000 911 2065 eadem
934 2003 1050 2065 natura
1074 2000 1226 2084 declaret,
1259 2001 1335 2084 quid

158 2087 245 2171 velit,
265 2089 424 2173 anquirat,
443 2089 610 2174 desideret,
627 2093 738 2154 tamen
756 2089 1014 2155 obsurdescimus
1028 2091 1136 2155 nescio
1156 2111 1219 2174 quo
1238 2089 1334 2156 modo

192 2285 228 2334 ut
253 2297 289 2336 an
315 2281 428 2336 zweiter
451 2279 553 2348 Stelle,
578 2300 627 2336 um
654 2297 716 2338 cou-
805 2283 947 2338 illud-
971 2284 1058 2352 quod
1075 2283 1104 2338 ff.
1135 2283 1225 2353 ‘jener
1251 2284 1333 2339 Aus-

156 2367 264 2422 preseue
281 2352 516 2407 hervoruuheben.
771 2353 908 2423 spruch,
936 2371 992 2410 von
1019 2355 1083 2409 dem
1112 2370 1211 2409 unsere
1236 2353 1332 2410 Greisa

195 2421 716 2494 Timou,ZeitgenossedesSolrratea,
771 2425 949 2493 eruthnten,
985 2424 1047 2480 dass
1078 2424 1129 2478 ibn
1157 2455 1190 2465 -
1220 2424 1262 2480 oft
1293 2426 1333 2480 im

157 2493 206 2550 der
224 2494 319 2564 Typua
338 2494 413 2550 eines
432 2493 645 2565 μισάνθρωπος.
770 2496 874 2550 Munda
898 2492 1005 2564 ffihrte‚
1033 2494 1079 2551 die
1104 2497 1154 2550 ihu
1177 2495 1280 2550 wieder
1298 2527 1332 2537 -

192 2567 304 2621 urscia
322 2582 425 2635 quem,
449 2566 502 2648 uie
522 2570 537 2648 5
556 2570 590 2622 88
609 2573 641 2622 ut
658 2567 716 2636 opt-
771 2566 1002 2632 gehtrthatten'.
1018 2567 1331 2651 aliis,vonfrflheren.

156 2635 717 2791 hlehblmtllffhlhmltl
769 2637 922 2764 lttttt
935 2637 1332 2779 reclamaturum

155 2780 265 2835 teratur
291 2798 324 2834 zu
349 2779 518 2836 vermerden.
556 2780 619 2850 Vgl.
643 2781 716 2836 auch
767 2798 789 2836 u
806 2781 915 2835 semibus
933 2781 1044 2836 audisse
1061 2780 1196 2835 dicebaut.

158 2855 173 2916 5
188 2856 222 2904 24
240 2852 349 2907 doctum
366 2853 510 2921 quemdum.
804 2857 963 2906 maturam
983 2851 1040 2905 ‘die
1058 2850 1305 2906 Beschaffenheit’.

186 2925 265 2991 pati
292 2922 454 2992 aushalteu,
482 2920 509 2978 d.
529 2922 547 2979 i.
578 2923 619 2978 ‘es
646 2923 716 2978 iiber
805 2925 978 2978 iusuaoam
1003 2921 1136 2990 ‘reizlos’;
1162 2924 1330 2979 iucuudtset-

155 2992 215 3048 sieh
234 2994 403 3065 gewinnen'.
769 3011 841 3048 mum
862 2993 944 3062 ‘gana
963 2992 1158 3050 entusrolrend’.

192 3067 368 3134 eupolum,
390 3084 423 3120 uu
442 3071 457 3132 5
476 3070 519 3120 81.
805 3066 901 3120 u'tlom
916 3091 950 3112 ==
963 3067 1077 3121 illorum
1095 3082 1195 3132 rerum,
1214 3065 1271 3136 vgl.
1286 3071 1326 3132 52

192 3142 323 3194 coemat.
360 3137 424 3206 Vgl.
454 3137 515 3192 Ter.
544 3136 663 3208 Adelph.
690 3143 715 3204 3,
769 3137 802 3191 iu
820 3153 880 3192 eum
897 3153 1050 3192 sermonem.

157 3213 189 3275 2,
211 3212 245 3260 14
271 3209 345 3262 trum
371 3208 444 3263 tour
469 3209 502 3262 iu
528 3224 571 3263 eos
598 3225 716 3264 eoomom
805 3225 887 3278 quoe
907 3209 963 3263 ‘die
982 3208 1071 3264 ober'.

152 3294 266 3346 [emtum.
298 3277 364 3332 Viel
384 3279 492 3332 starker
511 3279 567 3334 Cic.
587 3297 643 3335 von
662 3280 715 3334 den
804 3282 834 3334 si
852 3281 1010 3349 aliquem,
1029 3299 1063 3334 au
1082 3285 1097 3346 5
1116 3285 1159 3335 2⁷.

156 3348 353 3406 Catilinariern
373 3347 433 3404 Cat.
452 3349 477 3402 11
492 3354 517 3418 ὃ,
538 3356 716 3407 inaruerunt
804 3367 1002 3422 semperque.
1031 3338 1107 3406 Uber
1125 3353 1282 3421 quoe-scd,
1298 3370 1331 3406 zu

154 3421 324 3477 sermonibus
358 3421 417 3474 suis
448 3421 554 3476 caedem
584 3423 715 3479 bouorum
769 3427 847 3488 526.

156 3499 237 3561 atque
254 3492 488 3546 urbisiuceudio.
804 3494 1050 3550 adminiculum
1092 3496 1162 3563 (von
1199 3495 1237 3548 ud
1273 3493 1331 3548 und

191 3562 300 3630 Atque
318 3593 351 3603 -
370 3563 639 3617 iudicaretur
673 3563 718 3617 ‘zu
770 3581 877 3630 mamus,
897 3564 1052 3634 eigentlich
1069 3563 1254 3634 Handstr‘itze)
1279 3565 1332 3618 mit

156 3632 262 3687 diesem
277 3631 369 3687 Urteil
387 3632 483 3688 worda
497 3649 564 3687 man
582 3633 657 3687 donn
670 3651 716 3688 am
771 3651 837 3690 vom
855 3633 1037 3693 Weinstooke
1056 3636 1220 3690 entlehnten
1241 3634 1330 3691 Bilde.

153 3709 248 3760 ersten
255 3704 418 3773 gelangen’.
433 3691 599 3773 liberatque
609 3709 715 3770 zu524.

191 3775 322 3842 ferrcus
338 3773 512 3844 ‘gelflhllos'.
536 3775 715 3831 Beaehtedie
807 3774 873 3846 Cap.
897 3775 997 3832 XXIV.
1029 3782 1053 3830 3.
1088 3775 1331 3832 Voreohriften

154 3845 355 3901 Paronomaeie
381 3847 487 3912 ferreus
513 3876 548 3887 -
575 3849 659 3914 seruet
681 3877 712 3887 -
769 3848 854 3903 tiber
876 3848 941 3902 den
968 3847 1330 3903 freuudeehaftlichen

155 3918 285 3986 auferret,
840 3918 993 3974 Verlrehr
1012 3920 1122 3974 selbot
1136 3923 1257 3984 —5100.

156 3988 459 4130 :ltltltll
478 3990 715 4115 tabl-'ll
769 4024 1330 4152 mwrelrrl§adalreus

191 4134 325 4202 ruique,
344 4130 424 4187 nieht
437 4130 511 4186 blole
526 4133 579 4198 cui,
598 4149 632 4186 zu
646 4137 716 4198 527.

191 4205 209 4272 5
228 4203 276 4258 88.
312 4204 498 4274 Archytae,
516 4201 716 4273 Pythagoram,

155 4273 266 4329 Freund
298 4275 346 4330 dee
375 4274 469 4342 Plato,
503 4273 717 4344 ausgeaeichnet
806 4275 919 4330 uescio
937 4291 999 4345 quo
1016 4275 1109 4330 modo
1129 4275 1190 4330 ‘auf
1202 4274 1265 4330 eina
1279 4292 1329 4330 un-

156 4345 198 4400 als
223 4345 390 4417 Philosoph‚
415 4345 634 4402 Mathematiker
659 4346 716 4400 und
769 4345 1330 4415 bagreiflioheWeise’,kommtunserem

155 4411 314 4473 Astronom.
772 4415 883 4472 ‘leider'
904 4416 968 4488 (wie
988 4423 1003 4484 5
1022 4419 1066 4490 89)
1086 4420 1150 4474 sehr
1167 4418 1248 4473 nahe.

770 4167 969 4223 freondlich
992 4166 1198 4224 aulnehmen
1217 4173 1271 4235 —5
1287 4174 1329 4224 90.
