3074 4962
213 163 274 229 14·
594 164 748 222 LAELIUS
767 165 817 221 nn
835 165 1002 222 AMICITIA

211 328 309 393 huius
341 329 426 392 enim
457 328 557 411 fecis,
586 328 674 398 illius
706 328 791 394 dicia
817 329 1000 398 laudantur.
1044 329 1094 394 De
1118 351 1169 395 me
1193 333 1317 412 autem,
1348 339 1387 400 ut

211 417 278 482 iam
302 437 374 481 cum
397 419 535 502 utroque
559 417 682 502 loquer,
707 417 752 482 sic
774 416 943 482 habetote:

299 503 358 569 Ill.
390 503 463 590 Ego
488 504 516 569 si
540 502 698 589 Scipionis
723 504 880 571 desiderio
905 526 956 568 me
982 506 1107 572 moveri
1128 527 1260 592 negem,
1287 531 1385 594 quem

210 594 243 658 id
266 598 354 659 recte
377 593 506 677 faciem,
528 593 668 659 viderint
687 593 864 678 sapientem
887 594 944 660 sed
963 598 1049 658 cerie
1067 596 1215 661 montier.
1252 595 1387 665 Moveor

213 682 300 748 enim
328 682 387 748 leli
415 683 517 746 amico
543 682 692 767 orbatus,
721 683 839 767 qualis,
867 685 904 747 ui
926 682 1081 766 arbitror,
1108 705 1204 750 nemo
1228 708 1385 771 umquem

211 771 285 854 erit,
313 774 350 835 ui
377 769 566 835 confirmare
593 793 741 857 possum,
768 793 863 836 nemo
893 775 977 836 cerie
1005 771 1076 836 fuir.
1122 769 1185 836 Sed
1211 796 1278 839 non
1303 796 1386 860 egeo

210 858 382 944 medicine,
410 881 461 924 me
488 860 557 942 ipse
582 860 743 945 consolor,
771 862 804 924 et
826 860 966 925 maxime
989 860 1046 925 illo
1070 860 1205 946 solacio,
1234 864 1319 947 quod
1344 887 1385 930 eo

211 969 317 1012 errore
337 969 440 1030 ceree,
460 969 523 1030 quc
543 947 722 1013 amicorum
741 948 875 1014 decessu
888 948 1035 1032 plerique
1050 949 1128 1033 engi
1142 951 1256 1015 solent.
1288 952 1383 1019 Nihil

210 1037 289 1101 meli
312 1035 466 1101 occidisse
486 1033 629 1119 Scipioni
651 1040 741 1121 puto,
764 1037 846 1102 mihi
869 1037 996 1120 eccidii,
1020 1037 1048 1101 si
1068 1039 1144 1121 quid
1163 1040 1291 1124 accidii3
1315 1042 1384 1106 suis

211 1129 318 1190 sulem
345 1123 559 1189 incommodis
586 1126 730 1209 graviter
758 1127 834 1210 engi
860 1146 926 1190 non
955 1126 1109 1210 amicum,
1138 1127 1194 1190 sed
1218 1149 1252 1192 se
1275 1130 1383 1213 ipsum

210 1213 350 1278 amanlis
373 1216 432 1277 esi.
476 1210 533 1280 11.
567 1211 648 1278 Cum
670 1213 729 1280 illo
753 1235 830 1280 vero
854 1215 926 1298 quis
949 1218 1047 1299 neget
1070 1219 1179 1280 ocium
1203 1237 1273 1281 esse
1292 1239 1382 1302 prae-

211 1301 320 1367 clare?
352 1298 425 1366 Nisi
452 1302 553 1384 enim,
577 1301 663 1386 quod
687 1303 743 1366 ille
766 1302 897 1368 minime
919 1304 1070 1386 pulebai,
1099 1304 1381 1371 immortalitatem

207 1394 319 1474 opiere
348 1388 459 1474 vellet,
491 1389 567 1474 quid
599 1412 666 1455 non
694 1391 829 1475 adeptus
858 1395 920 1476 esi,
953 1391 1038 1476 quod
1065 1390 1190 1457 homini
1218 1393 1268 1458 fes
1298 1399 1383 1460 ossei

207 1582 313 1654 peridem
330 1579 563 1650 herrorgehoben
588 1581 671 1650 wind,
700 1582 768 1636 oder
856 1583 995 1637 orbatus
1024 1582 1073 1636 ‘de
1094 1582 1141 1636 ich
1164 1581 1241 1638 mich
1263 1584 1382 1641 beraubi

206 1650 767 1722 wenndieellgemeineVerneinung
821 1652 924 1718 sehe’3
953 1653 1049 1709 orbare
1073 1651 1141 1723 (eig.
1160 1672 1221 1709 eum
1246 1657 1328 1711 orbae
1346 1681 1381 1702 =

207 1721 461 1792 cinteilungeweise
484 1722 531 1776 bei
558 1724 613 1778 den
637 1724 766 1779 einzel·
819 1723 952 1778 verwsisi
978 1723 1107 1792 mechen)
1131 1724 1169 1778 isi
1193 1727 1261 1780 stete
1280 1752 1315 1772 =
1332 1727 1383 1782 dee

205 1810 269 1850 nen
289 1793 421 1848 Gliedern
439 1795 499 1862 (ccc
517 1825 551 1834 —
570 1811 630 1864 nec,
657 1811 713 1850 nore
732 1824 766 1835 -
819 1794 1010 1849 Touersten
1029 1793 1177 1851 bereuben.

205 1868 273 1936 core)
301 1863 468 1919 wiederholi
493 1863 569 1920 wird.
609 1866 672 1936 Vgl.
697 1870 764 1931 §51
856 1880 981 1948 errore,
995 1865 1119 1948 nimIich
1128 1865 1190 1920 dale
1201 1866 1250 1921 der
1264 1865 1324 1950 T⁰f¹
1333 1867 1380 1923 ein

207 1950 605 2089 ”irrisi-<resec
820 1921 1381 2064 {iissrechironion

207 2079 291 2146 serhg
326 2077 531 2130 romrsohem
567 2075 766 2147 Standpunhie
821 2077 871 2131 der
890 2074 1080 2132 Tushulcnen.

205 2165 256 2204 eus
266 2149 305 2202 im
317 2144 514 2216 Gegenseizzu
527 2147 768 2218 griechischer
856 2149 992 2204 decessu
1003 2148 1065 2202 Abl.
1078 2149 1127 2202 der
1142 2149 1381 2206 entfernleren

205 2219 417 2285 Denlrungserl3
427 2219 529 2273 liuius
540 2218 609 2286 hier,
619 2219 672 2273 wie
684 2219 764 2287 oster,
820 2218 954 2285 Ureechs‚
970 2219 1032 2274 wir:
1054 2217 1154 2274 ‘beim
1168 2220 1380 2278 Hinsoheiden'.

206 2289 256 2344 cul
280 2289 342 2347 eine
362 2289 412 2342 der
429 2288 490 2343 Zeil
507 2290 566 2344 und
583 2289 766 2360 Vorstellung
853 2291 1009 2360 plerique
1034 2290 1110 2345 ‘sehr
1131 2291 1228 2361 viele’‚
1253 2294 1380 2362 degcgen

206 2360 279 2416 nach
297 2358 400 2415 uehere
419 2359 524 2414 Person
543 2359 676 2441 beregen.
816 2361 936 2431 plurimi
954 2385 988 2406 ==
1008 2360 1055 2415 die
1073 2360 1200 2416 meister.

241 2432 353 2486 Deme
373 2431 442 2484 ‘was
460 2430 536 2485 mich
554 2429 683 2486 beirrfft'.
855 2432 1084 2500 incommodis,
1112 2432 1141 2486 in
1164 2431 1380 2487 ebsichilichem

241 2519 311 2558 cerm
328 2507 481 2571 utroque,
510 2501 574 2556 wir:
604 2502 651 2556 ‘eu
670 2503 765 2572 (euch)
820 2500 992 2572 Gegensoize
1011 2521 1045 2556 eu
1063 2502 1136 2557 moli.

205 2573 329 2633 beiden’.
345 2605 379 2614 —
394 2574 436 2627 Im
449 2571 510 2628 Lei.
526 2574 590 2644 sagi
607 2591 672 2628 men
687 2572 767 2628 nicht
855 2589 921 2629 riori
939 2575 1079 2629 emicem
1090 2576 1173 2627 -eet
1188 2570 1287 2627 ‘hoissi
1299 2573 1380 2628 nicht
1496 2591 1498 2600 ¹

205 2647 282 2716 loqui
299 2645 341 2700 od
359 2645 484 2714 aliquem.
820 2675 853 2684 —
872 2642 987 2699 heben’.

240 2719 288 2772 eie
306 2716 460 2771 habetote
479 2715 521 2770 ‘eo
540 2716 688 2770 vernehrni
702 2713 765 2768 Fol-

204 2787 333 2858 gendes',
350 2784 702 2857 derfamilihrenSpreche
716 2801 765 2839 en·
855 2789 872 2852 ὅ
887 2785 935 2839 11.
964 2783 1041 2840 Germ
1058 2785 1121 2840 illo
1139 2815 1174 2824 -
1189 2786 1377 2853 praeclare.

207 2857 334 2926 gehorig,
349 2857 416 2910 eber
426 2860 496 2911 sicle
507 2856 537 2910 in
546 2857 596 2910 der
608 2857 765 2912 volleren
819 2857 908 2926 Apere
926 2857 998 2924 berre,
1014 2855 1165 2925 praeclare,
1179 2856 1286 2925 optimc,
1300 2857 1379 2922 male,

206 2928 441 2997 Impereiivform‚
461 2928 513 2982 wie
531 2928 603 2981 noch
622 2929 689 2984 scito
707 2926 765 2981 und
815 2929 1005 2996 pessimorum
1024 2927 1117 2996 aliquo
1131 2952 1166 2972 =
1180 2925 1310 2995 miiJ'em.
1325 2929 1378 2996 gui

206 3003 342 3054 memerito.
371 2997 676 3053 Dashinweisendesic
690 2998 766 3053 steht
820 2997 1127 3054 oderfibelverichren.
1157 2997 1309 3052 Besondere
1325 2997 1377 3066 oli,

207 3087 237 3125 so
262 3069 349 3124 bitere
372 3066 418 3124 boi
442 3067 497 3122 den
519 3066 618 3122 Verbis
645 3067 765 3136 dicendi,
818 3067 871 3122 wic
885 3067 955 3137 hier,
968 3068 1167 3138 unpereonIIch
1180 3067 1220 3121 im
1230 3065 1379 3124 Pamisum

206 3140 259 3196 wie
286 3144 350 3205 §19
374 3141 413 3193 ric
436 3140 598 3209 perspicere.
635 3138 699 3209 Vgl.
726 3140 766 3196 sic
819 3165 854 3184 --
874 3138 915 3192 ‘es
937 3138 1058 3209 ergehi'.
1220 3161 1223 3168 ⁴

206 3211 274 3266 milei
289 3211 429 3281 persuasi,
452 3211 492 3264 sic
509 3211 609 3276 centio,
632 3211 673 3265 cic
692 3225 765 3266 acre·
854 3209 934 3265 Nisi
953 3241 987 3252 -·
1006 3211 1104 3266 vellet
1131 3209 1222 3266 ‘wenn
1246 3226 1277 3264 er
1299 3209 1389 3266 nicht·

203 3284 386 3352 pirenses.
820 3283 915 3336 elwa.
955 3280 983 3338 .’.
1010 3279 1047 3334 Ee
1061 3280 1099 3337 iet
1108 3280 1168 3336 dies
1182 3279 1249 3335 kein
1262 3281 1378 3336 irreelcr

242 3369 352 3422 piram
383 3352 423 3407 id
453 3355 577 3420 recte,
614 3351 683 3406 iiber
720 3351 765 3407 die
818 3351 1072 3420 Bedingungssem
1099 3351 1218 3407 eondern
1243 3353 1319 3408 vellet
1340 3351 1379 3406 iel

206 3421 346 3479 Treieclio
364 3439 399 3476 zu
418 3427 433 3487 ξ
448 3429 463 3478 6
481 3423 546 3477 iam.
818 3421 911 3477 nichis
930 3423 1056 3489 anderes,
1076 3421 1181 3478 alesin
1200 3421 1230 3478 in
1249 3423 1294 3477 die
1308 3421 1377 3476 Ver·

242 3493 393 3550 riderici
423 3494 610 3562 oopieriee,
642 3492 766 3548 nemlich
820 3493 993 3564 gangenheii
1010 3495 1168 3563 getretenes
1187 3494 1259 3550 celii.

206 3566 251 3621 die
278 3563 403 3630 Sioiher,
430 3564 475 3618 die
498 3579 565 3618 vom
582 3563 698 3618 Weisen
721 3563 765 3619 dIe
856 3565 941 3632 quod
960 3593 995 3604 -
1009 3565 1156 3632 peraeae
1174 3581 1212 3618 sc.
1226 3565 1378 3633 oplandum

205 3632 574 3706 Aueroitungellernffekie
583 3633 765 3690 undLeiden·
820 3650 873 3690 esee
899 3632 957 3689 ‘ein
979 3632 1126 3704 Gedenke,
1151 3635 1201 3690 der
1222 3632 1283 3689 ihm
1307 3651 1379 3704 gene

206 3709 335 3765 scholion
355 3701 508 3778 (ἀπάθεια)
526 3704 677 3761 forderlen.
713 3704 765 3760 Die
819 3705 880 3761 forn
898 3704 967 3776 lag’.

204 3779 357 3848 Wendung
383 3778 421 3832 iel
445 3776 567 3833 honiech
593 3775 765 3831 ebweieend:
854 3777 1142 3832 immortalitatem
1165 3774 1290 3830 nemlich
1315 3774 1379 3830 hier

207 3851 268 3907 ‘des
292 3855 396 3920 mogon
420 3847 465 3903 die
488 3847 678 3918 Philosophen
702 3863 765 3902 eue-
819 3848 870 3902 eof
885 3847 986 3902 Erden.

205 3920 346 3977 mochen’.
854 3920 936 3989 quid
953 3935 1020 3974 coc
1040 3919 1108 3974 ‘was
1126 3918 1206 3973 nicht
1223 3915 1334 3973 ellesi'.

241 3993 385 4047 mentior
417 3990 475 4044 ‘ich
502 3989 629 4045 miiseie
656 3990 764 4059 Iiigen'‚
854 3991 939 4060 quod
957 4021 991 4030 —
1010 3990 1064 4057 fes
1086 3995 1168 4046 esset
1192 3988 1303 4044 ‘soweii
1321 3990 1379 4056 —’‚

206 4060 764 4132 wievorhercepem‘leugnenwollie'.
819 4060 999 4116 nleoieieseet
1009 4059 1378 4130 wasfiireinKonjunkiiv?

242 4134 380 4188 Mereor
398 4134 483 4187 enim
502 4149 539 4187 sc.
559 4133 692 4188 desiderio
708 4131 765 4186 ‘ich
818 4132 863 4200 fae
882 4148 946 4186 vom
965 4129 1164 4201 goiiliohen
1185 4131 1242 4184 und
1260 4133 1378 4185 naifit-

204 4201 641 4273 fiihlemichellerdingeer
676 4200 764 4271 iffen',
818 4202 946 4270 lichen,
972 4203 1100 4257 iesvom
1118 4200 1378 4256 menschlichen

204 4273 258 4330 wie
275 4271 401 4329 naohher
414 4289 491 4329 cereo
506 4273 564 4328 ‘ich
577 4273 638 4328 ffih
660 4290 675 4328 e
689 4273 765 4329 mich
819 4273 917 4340 Erebi,
937 4275 997 4328 licei
1012 4289 1066 4328 von
1081 4272 1154 4342 dem,
1168 4287 1225 4328 was
1235 4273 1309 4328 nach
1324 4272 1378 4328 den

203 4345 276 4401 iroi’.
724 4374 727 4380 ·
820 4344 985 4400 Geseieen
1004 4343 1115 4398 erleubt
1132 4343 1177 4400 isi.
