3080 4968
245 239 290 304 64
627 237 784 294 LAELIUS
802 238 851 294 DE
870 237 1037 293 AMICITIA
1143 272 1147 279 -

247 403 328 470 citia
350 402 422 467 fieri
441 404 576 486 oportet
600 423 681 487 quae
701 405 771 468 tota
794 401 931 466 veritate
950 399 1183 485 perpenditur?
1206 401 1240 465 in
1264 424 1327 486 qua
1347 403 1428 486 nisi,

247 497 285 556 ut
317 491 447 570 dicitur,
480 495 627 574 apertum
659 495 773 576 pectus
805 491 916 556 videas
948 494 1105 574 tuumque
1138 489 1303 576 ostendas,
1339 492 1428 557 nihil

248 580 362 663 fidum,
384 580 466 645 nihil
489 581 692 664 exploratum
715 580 852 664 habeas,
874 601 915 645 ne
939 600 1047 644 amare
1071 579 1202 663 quidem
1230 583 1286 645 aut
1309 582 1429 665 amari,

249 690 338 754 cum,
359 669 393 734 id
416 691 513 754 quam
535 691 610 735 vere
632 669 704 749 fiat,
727 670 867 756 ignores.
913 668 1116 753 Quamquam
1139 669 1205 734 ista
1228 669 1428 751 adsentatio,

250 759 396 843 quamvis
415 758 596 843 perniciosa
615 759 667 842 sit,
689 780 806 824 nocere
825 763 934 824 tamen
953 757 1075 822 nemini
1093 760 1204 841 potest
1221 757 1283 823 nisi
1304 759 1341 842 ei,
1366 759 1427 844 qui

249 867 321 912 eam
343 847 459 932 recipit
481 852 578 933 atque
602 869 640 912 ea
663 847 850 913 delectatur.
895 845 946 911 Ita
968 846 1021 932 fit,
1044 849 1080 911 ut
1103 846 1131 910 is
1160 845 1426 913 adsentatoribus

250 937 429 1020 patefaciat
459 957 552 1001 aures
581 958 655 1001 suas
679 937 833 1019 maxime,
857 935 913 1021 qui
935 936 1005 1019 ipse
1035 933 1099 1000 sibi
1122 935 1309 1024 adsentatur
1332 940 1363 1001 et
1388 959 1425 1002 se

250 1026 389 1091 maxime
420 1025 491 1109 ipse
523 1024 667 1092 delectet
721 1023 781 1093 98.
814 1024 953 1091 Omnino
986 1029 1037 1090 est
1068 1046 1181 1090 amans
1218 1026 1268 1090 sui
1305 1025 1428 1111 virtus3

250 1119 381 1198 optume
405 1114 491 1180 enim
520 1136 554 1180 se
579 1114 652 1199 ipsa
674 1115 779 1197 novit,
807 1135 966 1199 quamque
995 1113 1145 1178 amabilis
1169 1113 1227 1198 sit,
1250 1115 1427 1200 intellegit.

249 1202 323 1290 Ego
344 1206 453 1269 autem
466 1225 533 1268 non
552 1203 590 1268 de
604 1203 725 1269 virtute
742 1224 829 1268 nunc
842 1204 967 1287 loquor,
987 1203 1042 1268 sed
1057 1203 1095 1267 de
1114 1202 1244 1268 virtutis
1260 1203 1427 1288 opinione.

249 1291 381 1357 Virtute
410 1292 496 1357 enim
525 1292 597 1378 ipsa
623 1296 780 1358 nontam
808 1292 904 1357 multi
934 1292 1074 1376 praediti
1104 1313 1295 1376 essequam
1322 1293 1428 1358 videri

249 1381 374 1447 volunt.
415 1379 485 1446 Hos
509 1380 650 1447 delectat
672 1381 863 1464 adsentatio,
886 1381 937 1446 his
960 1381 1057 1446 fictus
1080 1380 1120 1445 ad
1142 1381 1288 1464 ipsorum
1312 1382 1428 1447 volun·

246 1472 349 1534 tatem
373 1491 479 1536 sermo
507 1492 580 1536 cum
603 1470 789 1555 adhibetur,
812 1471 995 1536 orationem
1018 1469 1109 1534 illam
1136 1492 1256 1535 vanam
1279 1472 1428 1538 testimo·

247 1560 340 1623 nium
363 1580 433 1624 esse
457 1558 588 1624 laudum
608 1582 740 1625 suarum
763 1563 889 1644 putant.
926 1558 1025 1624 Nulla
1049 1561 1098 1624 est
1115 1558 1218 1644 igitur
1241 1559 1319 1624 haec
1341 1561 1426 1624 ami-

250 1648 336 1732 citia,
360 1670 433 1714 cum
457 1649 541 1714 alter
563 1670 675 1715 verum
701 1649 812 1714 audire
835 1670 903 1714 nou
924 1649 1004 1726 vult,
1028 1648 1112 1713 alter
1136 1647 1177 1712 ad
1201 1648 1424 1713 mentiendum

250 1741 384 1820 paratus
408 1741 467 1803 est.
511 1736 581 1803 Nec
603 1739 824 1822 parasitorum
846 1737 881 1802 in
910 1736 1084 1803 comoediis
1109 1737 1291 1803 adsentatio
1316 1737 1423 1802 faceta

251 1826 346 1893 nobis
370 1827 542 1909 videretur,
564 1828 628 1892 nisi
652 1832 761 1893 essent
782 1826 903 1892 milites
927 1825 1073 1911 gloriosi.

337 1915 500 2000 Magnas
523 1937 614 1982 vero
639 1938 754 2003 agere
777 1915 927 2001 gratias
951 1912 1070 1980 Thais
1094 1913 1210 1978 mihi?

249 2001 337 2070 Satis
356 2009 427 2069 erat
444 2005 653 2089 respondere:
677 2004 881 2091 ‘magnas'3
902 2002 1130 2090 ‘ingentes',
1152 2003 1268 2088 inquit.
1292 2001 1426 2088 Semper

252 2096 352 2178 auget
371 2094 560 2159 adsentator
577 2095 620 2178 id,
643 2095 729 2179 quod
751 2097 790 2177 is,
813 2094 902 2160 ouius
922 2093 963 2158 ad
983 2093 1186 2159 voluntatem
1207 2092 1333 2178 dicitur,
1357 2093 1428 2158 vult

250 2203 321 2247 esse
350 2202 513 2267 magnum.
559 2181 618 2250 99.
652 2182 756 2260 Quam
790 2184 832 2250 ob
864 2205 949 2265 rem,
982 2204 1178 2267 quamquam
1210 2182 1331 2247 blanda
1362 2182 1426 2246 ista

250 2271 379 2336 vanitas
408 2271 494 2355 apud
522 2293 577 2337 eos
605 2273 707 2356 valet,
733 2273 789 2358 qui
815 2272 880 2357 ipsi
895 2271 999 2336 -illam
1028 2271 1190 2336 adlectant
1217 2275 1250 2335 et
1277 2271 1427 2355 invitant,

249 2363 360 2425 tamen
389 2360 486 2425 etiam
516 2361 682 2446 graviores
710 2363 1010 2446 constantioresque
1043 2359 1238 2425 admonendi
1270 2363 1362 2444 sunt,
1389 2365 1428 2425 ut

251 2449 521 2534 animadvertant,
543 2471 583 2515 ne
603 2450 720 2516 callida
739 2449 965 2516 adsentatione
984 2450 1164 2533 capiantur.
1195 2447 1320 2534 Aperte
1340 2450 1426 2514 enim

282 2642 813 2712 perpenditurindemffinnevcn
902 2642 1024 2768 gullo,
1055 2642 1112 2712 vgl.
1148 2646 1163 2708 5
1191 2647 1226 2697 86
1256 2642 1341 2696 uitam
1373 2657 1427 2696 aesc

251 2715 349 2770 metiri.
866 2731 906 2768 uu
928 2731 981 2768 um.

287 2790 324 2841 ut
341 2785 484 2852 dicitur,
504 2802 538 2838 zu
556 2789 571 2850 ξ
592 2791 624 2841 19
644 2791 676 2840 ut
693 2786 782 2841 uiuat.
900 2786 971 2840 aiei
989 2789 1098 2840 essent
1116 2800 1153 2840 ae.
1173 2784 1206 2851 ei,
1224 2784 1324 2856 quibus
1341 2800 1427 2854 para·

288 2861 440 2926 apertum
465 2862 581 2924 pectus
608 2857 736 2926 uideas,
760 2856 812 2912 wir
865 2857 913 2912 citi
931 2861 1116 2912 caecarentur.

253 2943 352 2998 sagon:
374 2926 438 2981 ‘in's
456 2927 529 2982 Hera
548 2928 658 2983 sehen'.
901 2929 1025 2983 milites
1042 2927 1186 2998 plortosi
1206 2923 1426 2996 ‘grossspreohe

288 3001 567 3097 ortorp—ommi.
598 2999 695 3054 ‘Liebe
710 3030 743 3042 -
759 2999 812 3055 Ge·
865 2999 956 3081 pirche
975 2997 1015 3053 S!
1054 2997 1108 3053 Ein
1131 2997 1239 3084 eolcher
1257 2995 1426 3053 Bramarbas

251 3069 381 3194 geldeitt
393 3109 499 3209 llbjekt
512 3141 566 3195 mit
580 3141 644 3196 dem
658 3141 812 3197 erltntern-
865 3069 1225 3208 1'Psdrrllirhri&drisootttldlrdh
1239 3066 1362 3222 hildilid·
1376 3063 1427 3206 llll

254 3211 309 3266 den
328 3210 429 3265 Zusata
446 3227 528 3280 quam
546 3227 605 3266 cere
622 3213 673 3280 fiat
693 3212 733 3266 ‘in
748 3212 812 3267 wie·
868 3217 891 3279 1,
905 3212 930 3281 1)
948 3212 998 3266 der
1011 3210 1144 3281 folgende
1158 3211 1246 3267 Senar
1259 3210 1307 3266 ist.
1328 3210 1426 3265 Dreser

257 3281 326 3337 weit
343 3281 403 3336 dies
422 3279 527 3335 Gefdhl
545 3280 700 3352 anfrichtig
717 3283 776 3338 ist’.
866 3282 918 3338 hut
935 3282 1023 3338 durch
1041 3282 1137 3338 seinen
1152 3281 1300 3338 Parasiten
1314 3279 1428 3336 Gnatho

288 3352 306 3422 5
324 3351 373 3408 98.
412 3350 551 3408 Omnino
575 3353 627 3408 mit
651 3353 813 3424 folgenden
867 3349 987 3480 geddeo
1000 3353 1193 3422 Kinnbacken)
1212 3353 1263 3408 der
1277 3352 1362 3412 Thais
1381 3352 1426 3407 ein

254 3430 344 3479 ouum
363 3421 549 3493 ‘allerdings',
567 3443 601 3478 zu
619 3429 634 3490 ς
653 3430 695 3479 69.
893 3425 1014 3480 eschenlr
1028 3424 1356 3496 gesandtunderwartet
1368 3441 1424 3478 nun

290 3496 328 3550 cte
345 3495 487 3550 uirtutis
505 3496 665 3564 opinione
684 3495 751 3550 ‘von
765 3495 815 3551 der
867 3512 923 3551 von
940 3496 1000 3550 ihm
1013 3495 1128 3551 Bericht
1146 3495 1276 3563 danaber,
1295 3494 1348 3549 wie
1366 3495 1424 3550 die-

255 3565 612 3638 eingebildeten'lugend’.
635 3566 667 3621 In
682 3566 813 3623 auderem
868 3566 945 3622 selbe
964 3585 993 3623 es
1011 3568 1225 3638 ausgenommen
1243 3565 1325 3624 habe.

254 3637 435 3704 sinuessa.
904 3639 1051 3712 Mapucs
1072 3655 1146 3695 uero
1171 3654 1272 3709 apere
1291 3638 1341 3692 ‘So
1364 3639 1426 3706 aagt

295 3709 480 3765 Virtute-
499 3709 656 3779 praediti
689 3709 813 3780 (‘wirlr·
866 3707 1426 3765 mirwirklich-’.Derlnfiuitivatatt

254 3781 327 3837 lich
340 3781 470 3851 begabt
485 3780 543 3849 —’)
563 3781 639 3836 steht
652 3781 815 3851 gegenuber
866 3781 915 3836 des
925 3781 1080 3837 Indikativs
1093 3781 1165 3836 mult
1178 3780 1224 3836 die
1238 3777 1426 3852 ungeduldige

256 3853 321 3907 dem
333 3853 422 3908 uideri
433 3853 670 3922 sapraeda'tierae.
682 3853 812 3922 Aeschyl.
866 3852 939 3907 Hast
961 3853 1010 3908 des
1031 3851 1196 3922 Fragenden
1222 3854 1251 3923 (v
1271 3851 1291 3906 l.
1310 3851 1366 3907 den
1383 3851 1425 3904 ln·

256 3923 334 3994 Sept.
353 3928 406 3978 574
434 3917 477 3978 Ori
501 3919 555 3992 γὰρ
581 3925 678 3978 δοκεῖν
701 3918 813 3994 ἄριστος
866 3923 989 3980 finitivus
1007 3923 1191 3994 descriptivus
1209 3923 1238 3978 in
1252 3871 1304 3977 der
1318 3919 1422 3977 lebhaf·

255 3989 318 4050 au’
339 3991 414 4049 εἷναι
432 3991 520 4049 θέλει.
865 3998 912 4050 ten
933 3993 1137 4065 Sehilderung).

293 4065 634 4136 adhibetur‘geriehtet
648 4065 739 4123 wird’.
759 4066 816 4122 Das
906 4065 923 4189 p
943 4065 991 4122 99.
1015 4067 1188 4122 adlectant
1210 4070 1240 4121 et
1261 4066 1425 4129 inuitant,

257 4137 341 4192 Wcrt
368 4135 502 4194 bedentet
525 4139 607 4206 stete,
631 4155 693 4193 rum
716 4137 816 4194 Unter·
870 4155 927 4207 vg.
947 4136 1007 4193 Cat.
1025 4155 1062 4192 m.
1082 4142 1144 4204 §57
1163 4138 1265 4194 inuitat
1283 4142 1363 4208 atqua
1381 4135 1426 4190 ad»

258 4207 371 4263 schiede
399 4224 457 4264 von
487 4210 544 4276 uti,
575 4210 753 4280 gebrauchen
784 4227 817 4264 an
870 4209 957 4265 lactat.

258 4279 817 4348 einembestimmtenZwecke,hier,
906 4297 945 4335 aa
959 4311 991 4320 —
1006 4280 1199 4350 captantur.
1231 4277 1289 4334 Das
1307 4277 1372 4332 Bild
1389 4277 1426 4332 ist

257 4368 305 4404 um
324 4350 364 4405 sie
383 4350 508 4408 dadurch
526 4371 559 4406 au
577 4351 731 4422 gewinnen.
871 4367 926 4406 von
945 4350 995 4405 der
1012 4349 1097 4420 Jagd
1120 4350 1259 4404 entlehnt:
1290 4348 1363 4404 ‘dass
1387 4348 1425 4404 sie

295 4421 432 4477 laudum
452 4423 613 4494 ‘Vorrfige’.
872 4423 931 4476 rich
945 4422 1024 4477 nicht
1038 4437 1093 4477 von
1107 4421 1161 4476 den
1170 4421 1196 4476 N
1203 4419 1425 4490 etren(Schlln·
