3080 4968
211 227 255 294 56
593 223 748 280 LAELIUS
767 222 815 278 DE
835 221 1004 278 AMICITIA

211 390 256 456 Et
275 390 405 474 quidem
424 389 534 454 omnia
551 388 719 490 praeclara
736 409 821 470 rara,
839 387 1091 490 necquicquam
1105 386 1270 452 difficilius
1289 407 1387 470 quam

211 478 568 652 tttnqttttt
587 473 1388 650 tmtt?t{tlttttlttt¹¹ttttttttt;

211 657 277 723 nisi
310 656 395 760 quod
427 655 629 721 fructuosum
662 655 718 736 sit,
751 657 783 719 et
815 654 935 719 amicos
968 658 1135 739 tamquam
1166 653 1303 739 pecudes
1332 675 1387 719 eos

212 745 419 832 potiss1mum
443 745 593 830 diligunt,
618 766 656 809 ex
680 743 796 827 quibus
820 745 955 827 sperant
979 765 1013 808 se
1035 765 1221 808 maxumum
1244 742 1388 808 fructum

214 856 285 900 esse
309 837 470 919 capturos.
515 832 575 901 80.
611 833 664 898 Ita
687 831 905 917 pulcherrima
933 832 991 897 illa
1018 836 1052 898 et
1073 853 1222 898 maxume
1245 832 1388 896 naturali

215 928 326 990 carent
358 923 501 989 amicitia
530 944 589 1009 per
621 943 655 987 se
684 925 718 986 et
745 925 881 1007 propter
913 943 948 986 se
977 923 1120 1006 expetita
1148 943 1207 987 nec
1234 921 1298 1005 ipsi
1325 921 1388 985 sibi

215 1012 361 1097 exemplo
386 1015 470 1096 sunt,
492 1011 572 1077 baec
596 1012 645 1076 vis
670 1010 831 1080 amicitiae
851 1012 884 1075 et
906 1010 1011 1095 qualis
1034 1014 1066 1074 et
1086 1013 1206 1096 quanta
1225 1010 1278 1075 sit
1312 1009 1388 1094 Ipse

216 1103 301 1168 euim
325 1123 359 1167 se
382 1101 517 1186 quisque
537 1099 658 1185 diligit,
686 1121 752 1165 non
781 1103 818 1164 ut
845 1099 986 1185 aliquam
1011 1122 1031 1164 a
1054 1120 1088 1164 se
1116 1100 1185 1184 ipse
1209 1099 1389 1164 mercedem

215 1191 327 1276 engat
349 1191 495 1254 caritatis
519 1211 610 1272 suae,
639 1188 695 1254 sed
719 1187 805 1275 quod
827 1210 886 1274 per
909 1211 944 1254 se
967 1188 1030 1254 sibi
1052 1187 1189 1273 quisque
1212 1209 1306 1253 carus
1331 1194 1390 1254 est.

216 1279 308 1357 Quod
331 1278 395 1343 nisi
417 1277 504 1344 idem
526 1277 561 1342 in
585 1277 764 1344 amicitiam
786 1277 1010 1362 transferetur,
1031 1299 1126 1343 verus
1151 1277 1273 1343 amicus
1296 1299 1390 1341 num·

238 1391 315 1434 uam
343 1367 534 1452 reperietur3
566 1370 617 1432 est
644 1366 729 1432 enim
757 1367 799 1450 is,
827 1367 882 1453 qui
910 1369 960 1432 est
987 1369 1153 1452 tamquam
1183 1367 1266 1431 alter
1293 1366 1389 1432 idem.

147 1535 148 1540 γ
216 1391 277 1525 dl.
315 1456 437 1532 Quodsi
459 1456 521 1522 hoc
539 1460 675 1540 apparet
691 1456 726 1521 in
744 1455 869 1539 bestiis,
893 1456 1077 1521 volucribus
1094 1455 1261 1538 nantibus,
1287 1457 1391 1540 [agre-

218 1546 337 1626 stibus]
362 1545 523 1611 cicuribus
550 1544 643 1630 feris,
670 1545 812 1630 primum
835 1549 872 1610 ut
896 1566 929 1610 se
953 1545 1043 1630 ipsae
1067 1545 1208 1630 diligant
1232 1541 1280 1629 (id
1304 1546 1390 1609 enim

217 1634 340 1720 pariter
359 1656 431 1700 cum
452 1633 540 1700 omni
556 1635 721 1700 animante
739 1631 908 1719 nascitur),
927 1633 1041 1698 deinde
1056 1638 1093 1699 ut
1106 1635 1275 1719 requirant
1294 1639 1391 1718 atque

217 1724 381 1808 adpetant,
400 1723 441 1788 ad
461 1745 541 1809 quaa
557 1745 592 1788 se
607 1723 770 1809 adplicant
787 1723 929 1788 eiusdem
948 1723 1076 1808 generis
1091 1723 1277 1806 animantis,
1295 1722 1391 1807 idque

216 1813 341 1880 faciunt
363 1835 437 1879 cum
460 1812 617 1878 desiderio
643 1815 675 1878 et
698 1835 772 1878 cum
795 1812 933 1896 quadam
958 1811 1169 1877 similitudine
1194 1812 1314 1877 amoris
1332 1812 1391 1876 hu-

217 1903 319 1980 mani,
348 1905 470 1988 quanto
497 1901 530 1966 id
559 1901 663 1988 magis
691 1902 727 1966 in
749 1901 880 1967 homine
902 1901 941 1966 fit
966 1902 1096 1966 natural
1130 1901 1185 1986 qui
1208 1905 1242 1966 et
1265 1901 1391 1986 seipse

218 1991 326 2076 diligit
350 1993 382 2056 et
405 1991 542 2056 alterum
561 1990 713 2076 anquirit,
736 1989 827 2056 cuius
846 1991 990 2055 animum
1011 1991 1059 2055 ita
1078 2011 1150 2055 eum
1170 2011 1227 2056 suo
1247 1989 1394 2074 misceat,

217 2079 399 2145 ut'efficiat
421 2100 524 2163 paene
546 2101 647 2144 unum
671 2101 710 2144 ex
734 2080 868 2144 duobus.

305 2166 407 2233 XXII.
446 2166 502 2234 82.
540 2164 602 2232 Sed
624 2168 769 2253 plerique
797 2189 960 2252 perverse,
986 2189 1028 2232 ne
1057 2167 1161 2232 dicam
1190 2167 1394 2254 inpudenter,

218 2256 338 2322 habere
366 2256 466 2321 talem
494 2256 634 2322 amicum
661 2256 790 2340 volunt,
822 2257 933 2341 quales
961 2257 1024 2342 ipsi
1052 2278 1124 2322 ease
1152 2278 1220 2322 non
1246 2260 1394 2342 possunt,

220 2366 364 2430 quaeque
401 2345 466 2427 ipsi
502 2367 568 2411 non
605 2346 754 2411 tribuunt
788 2347 913 2422 amieis,
945 2345 1026 2411 haec
1059 2347 1100 2411 ab
1132 2345 1172 2410 iis
1201 2346 1394 2412 desiderant.

218 2434 283 2500 Par
307 2439 356 2498 est
378 2439 487 2499 autem
509 2435 650 2518 primum
669 2434 776 2520 ipsum
796 2455 865 2500 esse
884 2434 990 2500 virum
1009 2435 1139 2518 bonnm,
1161 2439 1232 2500 tum
1254 2436 1394 2500 alterum

221 2523 359 2590 similem
379 2523 430 2588 sui
450 2545 613 2608 quaerere.
652 2523 693 2589 In
710 2523 831 2588 talibus
851 2546 897 2608 ea,
921 2545 1018 2609 quam
1041 2525 1107 2588 iam
1132 2522 1252 2588 dudum
1273 2527 1393 2588 tracta·

256 2770 332 2838 579.
360 2769 405 2825 Et
418 2771 548 2840 quidem
563 2770 679 2841 ‘gewilq
690 2771 779 2840 aber',
833 2769 934 2826 sollten
961 2769 1001 2825 sie
1023 2787 1076 2824 nur
1098 2770 1143 2824 ihr
1170 2770 1310 2826 zweites
1336 2771 1394 2826 Ich

221 2841 499 2912 dialogisierend
525 2843 583 2898 und
611 2842 779 2912 ironisch,
833 2843 914 2911 (ulter
931 2841 1013 2910 Mem)
1033 2842 1206 2897 betrachten.

220 2912 316 2968 tndem
334 2930 399 2968 man
419 2911 566 2969 scheinbar
589 2913 639 2968 des
658 2912 779 2984 Gesagte
871 2912 962 2983 Quod
984 2928 1034 2968 vor
1056 2915 1113 2968 atsi
1131 2914 1170 2968 ist
1191 2911 1245 2967 mit
1267 2913 1339 2968 idem
1361 2933 1395 2968 au

222 2982 385 3054 bekrtftigt,
393 2983 423 3038 in
430 2984 581 3040 Wahrheit
588 2985 655 3040 aber
662 2989 779 3041 wesent-
833 2983 996 3053 verbinden,
1015 2983 1068 3038 wie
1087 2990 1102 3051 ς
1123 2989 1163 3039 13.

221 3052 280 3110 lich
298 3053 477 3123 modificiert,
504 3073 586 3110 wenn
607 3055 688 3112 nicht
710 3073 780 3127 ganz
869 3055 975 3109 alter
1007 3055 1113 3112 idem.
1160 3055 1221 3110 Nur
1254 3071 1309 3111 von
1346 3056 1396 3110 der

221 3124 347 3180 aufhebt.
650 3195 656 3206 Ι
836 3131 858 3180 1.
888 3125 994 3180 Person
1007 3198 1011 3209 Ι
1026 3127 1095 3181 alter
1127 3143 1186 3211 eqo,
1229 3126 1292 3196 Vgl.
1322 3133 1337 3194 ξ
1361 3133 1395 3182 28

222 3197 557 3339 „tt'ttllttglt
581 3195 784 3348 detritu
818 3203 1396 3339 ,{tltettttl,tlttlttlutt

223 3336 318 3394 leihen
345 3339 395 3392 der
419 3339 537 3394 Sentenz
562 3355 645 3392 emen
668 3339 782 3408 sprtich·
872 3341 888 3406 5
904 3337 952 3394 81.
975 3346 1027 3404 ret,
1040 3356 1072 3392 zu
1088 3345 1147 3406 §14
1162 3341 1212 3395 clla
1225 3342 1342 3407 valera,
1357 3346 1396 3396 at.

224 3407 391 3464 wdrtlicheu
410 3407 572 3465 Charakter.
870 3411 905 3465 id
943 3410 1046 3466 ‘dieser
1082 3411 1184 3466 Trieb
1225 3411 1397 3483 (Instmkt)’;

259 3480 324 3536 Sed
333 3481 490 3550 plerr'que
503 3481 532 3537 ff.
556 3481 610 3534 Zur
620 3479 709 3535 Sache
724 3481 781 3550 vgl.
834 3482 967 3550 puriter
983 3481 1024 3536 ‘in
1038 3482 1178 3551 gleicbem
1192 3481 1323 3550 Grade’,
1338 3485 1395 3554 vgl.

223 3549 288 3606 XIII
306 3552 364 3606 und
383 3551 456 3608 XIV.
837 3557 906 3618 §82
922 3569 1005 3622 pares
1024 3583 1058 3593 -
1077 3554 1209 3624 aequales.

872 3640 942 3679 cum
956 3625 1101 3694 quadam
1121 3657 1154 3666 —
1173 3623 1313 3680 tumeat
1333 3623 1398 3680 ‘mit

260 3693 345 3762 980.
386 3710 448 3763 per
473 3709 506 3748 ae
533 3697 562 3748 et
585 3697 726 3762 propter
751 3709 783 3749 se
837 3695 914 3750 einer
931 3695 1030 3768 Liebe,
1055 3695 1100 3750 die
1123 3697 1176 3750 rnit
1199 3697 1248 3750 der
1267 3696 1395 3751 mensch-

226 3765 274 3820 ‘an
288 3765 349 3820 sich
358 3765 415 3820 und
424 3782 472 3819 um
481 3765 556 3819 ihrer
566 3763 656 3820 selbst
665 3764 782 3821 willen'.
836 3765 929 3822 lichen
947 3767 1131 3822 Ahnlichkeit
1150 3768 1222 3824 hat'.

224 3837 347 3892 Beacbte
366 3835 412 3890 die
430 3834 469 3890 im
483 3835 543 3892 Lat.
564 3837 783 3907 notwendige
872 3843 997 3907 quanto
1015 3839 1050 3893 id
1068 3840 1187 3908 murts,
1211 3857 1245 3894 zu
1265 3843 1280 3904 ς
1296 3845 1312 3894 6
1330 3841 1395 3894 tam.

224 3905 446 3992 Wiederbolung
465 3923 520 3992 yon
538 3923 572 3962 se.
872 3909 1029 3978 anquirit
1047 3910 1107 3972 (aus
1122 3911 1184 3964 amb
1202 3941 1237 3993 .-
1256 3912 1397 3981 quaerere)

228 3979 785 4105 struunt?esltltttlll
836 3980 1398 4122 enturtttttttttrttr

226 4120 314 4176 selbst
340 4119 399 4187 eb',
429 4121 454 4175 d.
480 4121 507 4176 h.
540 4136 622 4176 wenn
645 4122 712 4191 jene
740 4121 785 4175 ihr
837 4120 909 4176 nach
929 4122 984 4178 -’.

226 4191 365 4261 eigenes
379 4191 437 4247 Ich
451 4192 655 4260 batrachtetem
671 4209 701 4248 so
714 4197 784 4248 wur-
873 4209 973 4247 unam
992 4209 1030 4247 ec
1047 4194 1189 4262 duobus,
1208 4194 1263 4270 vgl.
1284 4200 1347 4261 §92
1367 4201 1399 4250 at

226 4263 281 4317 den
300 4264 339 4317 sie
357 4263 464 4332 finden,
490 4263 552 4320 dass
575 4264 705 4318 ulemand
726 4263 786 4319 sich
839 4281 912 4320 uuas
930 4265 1011 4334 quusi
1024 4265 1133 4319 cadmus
1146 4266 1197 4332 fiat
1210 4282 1243 4320 ee
1257 4267 1399 4336 pluribus.

227 4349 325 4403 wagan
353 4333 401 4389 des
423 4333 563 4404 Numam,
591 4335 711 4390 rondern
737 4351 785 4389 um
875 4333 955 4402 582.
987 4337 1108 4404 ipsam,
1122 4354 1157 4390 an
1171 4341 1186 4402 ξ
1201 4341 1235 4390 62
1250 4343 1401 4407 mpetum.

228 4403 319 4460 seiner
338 4405 425 4461 selbet
444 4405 539 4462 willen
558 4404 636 4462 liebt.
674 4405 785 4461 Ebenso
875 4408 941 4461 tam
959 4407 1095 4472 dadam,
1113 4424 1145 4460 zu
1166 4411 1238 4472 §ea
