3080 4968
248 240 290 306 28
629 240 783 296 LAELIUS
802 239 851 294 DE
871 239 1038 296 AMICITIA

341 402 537 489 Saepissime
558 403 659 489 igitur
682 402 764 470 mihi
788 405 827 470 de
847 403 988 470 amicitia
1006 403 1163 488 cogitanti
1180 403 1318 468 maxime
1336 404 1418 470 illud

249 491 517 559 considerandum
539 491 641 558 videri
661 493 751 574 solet,
778 496 887 558 utrum
905 496 1038 578 propter
1056 491 1302 558 inbecillitatem
1320 497 1416 577 atque

248 582 393 666 inopiam
412 582 593 648 desiderata
611 582 654 646 sit
672 581 825 662 amicitia,
842 586 879 647 ut
898 581 1011 647 dandis
1025 580 1278 665 recipiendisque
1292 584 1417 648 meritis

250 670 336 756 quod
359 672 431 756 quis
454 671 560 736 minus
572 669 642 756 'per
665 693 699 736 se
717 671 787 754 ipse
806 674 926 756 posset,
948 670 982 735 id
1005 670 1164 754 acciperet
1183 669 1223 734 ah
1243 671 1306 736 alio
1325 672 1417 737 vicis-

251 760 376 845 simque
398 759 554 842 redderet,
578 782 619 824 an
642 763 729 825 esset
749 760 812 826 hoe
832 759 960 844 quidem
978 760 1144 844 proprium
1166 759 1336 844 amicitiae,
1362 763 1418 826 sed

250 849 413 932 antiquior
440 853 473 913 et
499 847 666 934 pulchrior
697 852 728 912 et
756 849 859 934 magis
888 871 908 913 a
935 857 1051 913 natura
1077 847 1149 932 ipsa
1180 848 1324 933 profecta
1353 850 1419 916 alia

250 958 355 1002 causa.
401 937 503 1004 Amor
532 938 633 1022 enim,
661 958 699 1002 ex
728 959 791 1022 quo
819 937 963 1002 amicitia
989 937 1157 1003 nominata
1179 940 1242 1022 est,
1269 938 1417 1023 princeps

250 1030 299 1090 est
326 1025 367 1090 ad
391 1026 650 1092 benevolentiam
680 1027 945 1112 coniungendam.
991 1025 1076 1092 Nam
1104 1026 1261 1092 utilitates
1289 1027 1418 1112 quidem
1518 1046 1519 1080 ι

250 1114 349 1180 etiam
381 1115 422 1181 ab
455 1115 495 1180 iis
526 1115 748 1201 percipiuntur
780 1137 891 1200 saepe,
926 1115 982 1200 qui
1019 1115 1226 1180 simulatione
1258 1117 1418 1182 amicitiae
1518 1113 1519 1118 ’

250 1204 400 1269 coluntur
432 1207 465 1268 et
497 1204 710 1269 observantur
741 1204 898 1288 temporis
932 1225 1043 1289 eausa,
1074 1204 1108 1269 in
1137 1204 1281 1269 amicitia
1311 1208 1418 1272 autem

248 1291 331 1356 nihil
349 1293 461 1358 fictum
480 1296 539 1376 est,
561 1293 643 1358 nihil
662 1293 850 1360 simulatum
869 1296 910 1376 et,
934 1292 1088 1378 quidquid
1107 1297 1167 1376 est,
1189 1291 1221 1357 id
1240 1296 1291 1358 est
1307 1317 1419 1360 verum
1518 1295 1519 1320 l

251 1383 284 1444 et
305 1381 533 1447 voluntarium.
576 1379 634 1446 27.
667 1380 872 1466 Quapropter
890 1403 909 1445 a
926 1391 1045 1447 natura
1063 1381 1144 1445 mihi
1162 1381 1288 1446 videtur
1310 1384 1419 1468 potius

251 1490 348 1553 quam
376 1471 417 1535 ab
444 1469 626 1555 indigentia
653 1474 726 1536 orta
755 1471 910 1552 amicitia,
940 1469 1156 1555 adplicatione
1186 1472 1291 1556 magis
1319 1473 1419 1538 animi

251 1577 323 1622 oum
346 1558 486 1643 quodam
505 1581 600 1625 sensu
620 1558 749 1624 amandi
768 1581 864 1644 quam
883 1560 1089 1644 cogitatione,
1112 1563 1269 1643 quantum
1287 1562 1345 1627 illa
1367 1583 1419 1626 res

251 1646 402 1713 utilitatis
430 1651 517 1714 esset
544 1648 705 1713 habitura.
752 1646 844 1724 Quod
877 1649 1006 1732 quidem
1038 1648 1131 1734 quale
1164 1649 1221 1733 sit,
1254 1650 1353 1715 etiam
1384 1651 1421 1714 in

250 1838 458 1898 BeliehterEin
480 1840 595 1910 angbei
610 1838 714 1897 Cicero.
742 1839 808 1910 Vgl.
898 1841 1039 1896 tanecel.
1076 1841 1231 1911 coaiaay.
1268 1859 1302 1896 zu
1338 1847 1354 1908 ς
1385 1848 1420 1896 20

251 1914 286 1968 (ιι
300 1913 371 1967 orat.
385 1911 399 1964 I
415 1918 429 1965 1
446 1858 621 1983 defaecati
634 1911 703 1966 malti
715 1926 808 1981 scepe—
863 1914 942 1969 ecrit.
960 1913 1080 1982 impera

251 1999 363 2040 numero
390 1987 415 2037 et
443 1984 573 2038 memmio
600 1988 690 2036 vetera
716 1998 809 2052 repe·
898 1984 937 2038 ab
961 1985 1005 2038 iia
1024 1984 1268 2052 percipiantur
1289 1984 1422 2054 ‘geniesst

251 2055 338 2110 tereti
371 2053 496 2122 perbeati
526 2055 612 2122 faisse
647 2054 691 2108 illi
723 2054 810 2108 videri
862 2069 928 2108 man
946 2069 1001 2109 von
1020 2053 1132 2110 denen'.

251 2125 349 2189 soleat,
377 2123 411 2178 (ιι
437 2122 524 2178 (ιιιιι.
543 2122 570 2176 ΙΙ
591 2130 604 2178 1
626 2124 811 2194 Quaerenti
899 2125 1058 2180 colantur
1073 2125 1315 2195 ‘geehrtwerden’
1333 2127 1421 2182 durch

251 2196 319 2250 milei
336 2195 503 2264 multamque
525 2201 550 2250 et
567 2195 618 2250 diu
640 2196 811 2264 copitaati
864 2194 1122 2250 thatstehliehe
1150 2195 1282 2266 Beweise,
1310 2199 1421 2252 obaer-

252 2296 286 2307 -
306 2266 471 2321 oemurebat.
862 2272 987 2323 ocatur
1015 2267 1160 2338 ‘geachtet
1182 2267 1306 2322 werden'
1332 2266 1421 2324 durch

862 2336 1000 2393 hulseto
1013 2338 1132 2392 Zeichen
1146 2339 1196 2393 der
1205 2337 1420 2410 llhrerbietung.

861 2407 950 2463 Baide
976 2409 1090 2464 Wtrter
1117 2409 1179 2464 sind
1210 2409 1326 2464 stehend
1354 2427 1422 2466 vom

862 2479 1054 2535 Verhttltnisse
1095 2480 1143 2535 des
1184 2480 1314 2534 Klienten
1355 2499 1422 2537 zum

269 2338 397 2421 'iqitur
428 2336 467 2390 im
499 2337 625 2406 Aufenge
658 2335 708 2390 der
738 2337 808 2391 Aue·

252 2407 609 2546 enidlclleds‘eddinlgunkt',
630 2496 664 2533 an
683 2483 698 2544 ξ
717 2483 732 2532 6
751 2479 807 2534 hoe.

288 2549 678 2606 eoaeideraadam‘wert
691 2549 740 2605 der
753 2549 809 2619 B.',

252 2620 305 2677 wie
325 2626 388 2687 §19
408 2621 594 2693 appellandos.

287 2693 418 2749 meritis
436 2718 471 2739 =
490 2692 634 2759 beneficiio.

286 2764 510 2835 recipiendia,
528 2761 581 2818 wie
594 2763 810 2820 unterschieden

251 2851 306 2891 von
324 2835 389 2890 dem
406 2834 557 2904 folgenden
575 2833 716 2904 accipere?

269 2922 349 3030 uper,
368 2921 399 2961 ee
424 2906 495 2975 ipse
519 2904 576 2959 ‘fiir
603 2906 678 2960 aeine
703 2906 810 2961 Person

253 2992 269 3031 a
293 2991 359 3030 em.

283 3051 405 3116 posset.
433 3046 515 3102 Posse
529 3047 636 3116 aliqaaid
653 3047 692 3102 ist
711 3048 809 3102 ‘etwas

254 3119 298 3186 (au
316 3118 398 3185 thun)
417 3117 557 3172 imetande
577 3117 658 3172 eein’.

283 3189 461 3258 proprium
508 3187 809 3244 ‘ausschlielalieh

254 3258 476 3329 cigentflmlich'.

288 3330 471 3399 antiquior.
499 3330 641 3399 Antiquae
655 3336 720 3399 (voa
733 3332 808 3400 ante)

252 3401 292 3456 ist
304 3401 511 3471 ursprtnglioh,
527 3401 605 3469 (aber
614 3419 667 3456 nur
675 3400 714 3455 im
724 3401 807 3456 Kom-

274 3469 364 3528 arativ
386 3472 444 3526 und
467 3470 647 3542 Superlativ),
674 3489 732 3526 uae
759 3472 809 3526 der

253 3491 378 3612 heltung
395 3543 468 3597 nach
488 3543 572 3596 allem
586 3542 691 3598 andern
708 3558 808 3597 voran-

273 3615 333 3683 eht,
352 3630 409 3669 was
428 3614 519 3669 einem
537 3613 617 3668 mehr
638 3631 683 3668 am
701 3613 810 3670 Heraea

254 3632 334 3756 hegt,
354 3685 442 3769 daher
463 3684 810 3812 ‘hylaeri(qtelqlend)1,lher

253 3757 677 3911 nidhlilhldleohstehdteirs'ch?
689 3773 809 3883 thudem

254 3899 326 3954 auch
349 3899 533 3980 moralrsoh
556 3899 643 3954 sehon
668 3899 809 3956 bedentet.

253 3970 386 4094 Dageffien
400 3969 471 4024 wird
486 3969 534 4026 der
547 3970 693 4041 Ursprung
707 3970 756 4025 der
765 3969 810 4025 Fr.

255 4055 324 4124 aue¹
360 4041 523 4111 igennuta
551 4047 620 4108 ιιι
648 4041 759 4097 humilia
786 4046 811 4098 et

253 4115 690 4239 l‘ltt‘ttlt‘tttuh
718 4184 811 4253 ιιι.

255 4251 344 4337 veiis),⁸
355 4253 400 4307 die
419 4252 505 4308 Lieba
523 4253 561 4308 ist
578 4271 607 4309 ee
627 4254 674 4336 die
692 4200 781 4310 ἷζε

231 4439 233 4446 ,
255 4326 607 4463 ιιῖιζιιηιξιιξιιιιιῖ8ιιιιιιιι
626 4325 734 4449 duglfil-'l
757 4325 811 4378 den

862 2552 973 2606 Patron.

898 2622 1058 2692 temporie
1094 2637 1198 2677 cauea
1235 2621 1423 2678 ‘besonderer

863 2691 1423 2762 Umstandewegen'=temporiocedena.

898 2766 1018 2833 fictam
1035 2763 1074 2817 ist
1088 2763 1339 2835 entgagangesetat
1356 2765 1423 2820 dem

863 2835 1423 2905 folgendenveram,aimu2atamdam

862 2906 930 2977 folg.
954 2907 1187 2961 uoluntariam
1205 2931 1240 2952 -
1257 2907 1401 2962 ιιιιιιιιι.

898 2983 928 3032 et
938 2975 1002 3046 (wie
1012 2993 1063 3047 que
1072 2977 1129 3031 und
1139 2979 1231 3047 atque)
1241 2977 1311 3032 nach
1326 2976 1422 3033 einem

862 3049 1052 3118 negativen
1072 3047 1154 3103 Satae
1173 3074 1207 3094 =
1227 3048 1379 3104 ‘sondem’.

898 3119 983 3188 §270
1014 3120 1133 3189 potius
1160 3118 1287 3176 schlielst
1309 3120 1355 3176 dio
1378 3123 1422 3176 ia-

862 3191 986 3261 dipeatia
1013 3190 1055 3245 als
1085 3189 1183 3256 Qualia
1211 3191 1261 3246 dor
1287 3191 1331 3246 Fr.
1360 3208 1420 3259 aus,

862 3261 968 3332 anapia
1002 3261 1112 3331 negiert
1143 3261 1223 3316 nieht
1253 3262 1342 3332 vollig
1375 3263 1421 3318 (ιιι

859 3333 991 3402 'captatio
1010 3331 1216 3402 (Bereehnung)
1235 3333 1375 3388 utilitates.

898 3403 1134 3473 adplicatioae
1152 3434 1186 3444 -
1201 3405 1420 3476 copitatioae.

862 3471 913 3529 Die
937 3472 1045 3529 blolsen
1063 3475 1195 3530 Ablative
1220 3493 1268 3528 zur
1289 3473 1421 3531 Bezeich-

862 3563 939 3614 nung
957 3545 1006 3600 des
1020 3545 1126 3601 Mittele
1141 3545 1209 3601 oder
1222 3545 1420 3615 Werlmeuges,

863 3616 962 3671 dassen
972 3616 1031 3672 sich
1042 3617 1087 3672 die
1095 3617 1185 3672 Natur
1195 3615 1310 3672 bedient
1320 3617 1421 3672 ‘durch

863 3688 913 3742 dae
932 3687 1079 3743 Bedurfnia
1097 3687 1145 3743 des
1161 3687 1275 3744 Gemilts
1294 3686 1354 3744 sich
1372 3705 1421 3742 an-

863 3758 1044 3814 ausohliessen
1057 3756 1341 3830 (Geselligkeitetrieb
1351 3760 1418 3827 -·’).

898 3846 996 3886 censa
1018 3829 1080 3885 hier
1106 3830 1169 3899 (wie
1193 3833 1280 3885 auten
1302 3846 1421 3886 scaeua

864 3902 975 3971 amoris)
1007 3900 1204 3973 hinaugefdgt,
1240 3918 1288 3956 um
1321 3917 1349 3956 es
1382 3902 1422 3956 im

864 3970 1021 4042 Gegeneatz
1052 3990 1087 4026 zu
1114 3972 1277 4044 copitata'oae
1306 3972 1421 4028 hervor-

864 4043 999 4099 zuheben.

899 4113 1421 4184 illares-ittaqnamlichl’reund-

864 4185 955 4241 schaft
983 4183 1139 4241 schliessen.
1176 4183 1286 4241 Ebenso
1309 4185 1422 4241 bezieht

864 4255 923 4311 sich
945 4255 985 4310 im
1003 4254 1165 4325 Folgenden
1185 4256 1278 4326 Quod
1300 4255 1350 4312 auf
1367 4255 1422 4311 den

864 4341 972 4396 ganaen
991 4326 1240 4395 vorhergahenden
1258 4325 1420 4382 Gadanken.

901 4397 993 4466 Quod
1015 4397 1145 4466 quidem
1168 4397 1266 4468 quale
1287 4399 1334 4453 ait
1353 4398 1422 4454 ‘was
