3080 4968
522 223 600 278 aar.
619 221 730 279 xxva.
764 228 778 288 1
800 228 948 278 roo-roe.
1256 177 1258 180 V
1279 223 1319 287 61

143 388 184 454 ad
206 388 347 472 calcem,
371 391 409 452 ut
431 386 560 470 dicitur,
583 385 761 470 pervenire.
808 381 890 450 102.
924 382 984 449 Sed
1009 385 1161 469 quoniam
1184 406 1236 450 res
1260 384 1321 450 hu-

143 499 260 543 manae
280 477 417 564 fragiles
437 475 637 559 caducaeque
658 477 741 555 sunt,
762 495 889 557 semper
908 473 1007 558 aliqui
1026 474 1217 558 anquirendi
1236 478 1320 558 runt,

142 589 225 651 quos
261 567 438 652 diligamus
466 568 499 628 et
531 587 551 629 a
578 563 695 648 quibus
723 563 909 649 diligamur3
942 563 1076 627 caritate
1104 564 1190 628 enim
1223 565 1320 628 bene-

140 657 356 741 volentiaque
381 655 508 719 sublata
532 653 636 719 omnis
661 655 710 717 est
733 674 750 716 e
772 652 840 716 vita
859 651 988 716 sublata
1011 651 1201 717 iucunditas.
1237 652 1320 718 Mihi

139 745 277 831 quidem
298 743 415 828 Scipio,
440 764 636 828 quamquam
656 744 705 807 est
723 740 830 806 subito
851 747 990 825 ereptus,
1011 741 1091 804 vivit
1109 744 1218 806 tamen
1237 764 1321 808 sem·

139 855 269 919 perque
294 835 394 916 vivet3
419 833 573 898 virtutem
598 831 684 896 enim
708 830 814 894 amavi
838 829 927 894 illius
951 830 1026 912 viri,
1050 851 1131 914 quae
1160 831 1318 896 exstincta

140 944 210 989 non
236 927 302 1006 est3
326 943 384 986 nee
407 921 489 987 mihi
508 921 569 986 soli
591 922 739 987 versatur
762 922 837 984 ante
857 919 976 1002 oculos,
1000 918 1057 1003 qui
1079 918 1168 985 illam
1193 941 1318 1004 semper

140 1013 176 1076 in
208 1011 364 1077 manibus
392 1009 506 1094 habui,
539 1009 593 1074 sed
618 1009 717 1074 etiam
744 1009 884 1092 posteris
909 1009 972 1072 erit
998 1010 1086 1073 clara
1109 1012 1144 1072 et
1169 1007 1319 1093 insignis.

139 1099 253 1167 Nemo
287 1121 440 1184 umquam
477 1099 584 1164 animo
618 1101 675 1162 aut
711 1119 766 1182 spe
803 1099 927 1164 maiora
964 1097 1130 1182 suscipiet,
1168 1096 1224 1180 qui
1257 1097 1319 1162 sibi

140 1211 211 1254 non
251 1189 338 1254 illius
371 1189 560 1254 memoriam
594 1192 690 1272 atque
726 1187 902 1272 imaginem
939 1185 1180 1270 proponendam
1216 1190 1319 1270 putet.

143 1275 233 1344 103.
265 1277 424 1362 Equidem
448 1299 486 1342 ex
511 1277 660 1342 omnibus
684 1276 793 1358 rebus,
818 1297 897 1361 quas
921 1275 1001 1339 mibi
1025 1278 1081 1340 aut
1108 1275 1238 1340 fortuna
1262 1278 1319 1339 aut

140 1370 266 1431 natura
284 1366 407 1448 tribuit,
424 1366 507 1431 nihil
521 1365 635 1448 habea,
654 1365 739 1449 quod
758 1387 832 1430 cum
851 1364 995 1429 amicitia
1014 1363 1174 1448 Scipionis
1193 1365 1318 1447 possim

141 1466 346 1540 comparere.
378 1453 417 1518 In
435 1455 496 1519 hac
515 1454 596 1519 mihi
615 1455 654 1519 de
672 1476 707 1518 re
725 1453 854 1539 publica
873 1474 1057 1532 consensus,
1076 1454 1110 1518 in
1128 1452 1189 1518 hac
1209 1475 1318 1517 rerum

137 1543 348 1627 privatarum
378 1543 562 1626 eonsilium,
596 1544 630 1608 in
659 1543 771 1609 eadem
802 1543 929 1627 requies
962 1541 1060 1626 plena
1092 1542 1317 1607 oblectationis

140 1632 220 1699 fuit.
267 1633 454 1714 Numquam
485 1631 576 1696 illum
608 1655 648 1697 ne
681 1632 816 1696 minima
849 1631 977 1714 quidem
1005 1652 1039 1694 re
1068 1630 1199 1712 offendi,
1233 1631 1319 1716 quod

139 1721 276 1804 quidem
305 1719 474 1802 senserim,
498 1719 580 1784 nihil
609 1719 716 1785 audivi
745 1742 782 1784 ex
811 1741 848 1785 eo
872 1720 957 1804 ipse,
981 1718 1066 1803 quod
1088 1719 1225 1803 nollem3
1252 1741 1317 1785 una

138 1809 261 1871 domus
282 1810 360 1892 erat,
379 1807 463 1872 idem
482 1809 597 1893 victus,
620 1810 711 1892 isque
732 1808 922 1892 communis,
945 1829 1048 1893 neque
1068 1808 1172 1872 solum
1191 1809 1317 1892 militia,

62 1912 65 1916 ·
138 1894 202 1958 sed
214 1895 312 1960 etiam
322 1897 601 1981 peregrinationes
616 1897 907 1980 rusticationesque
918 1918 1113 1962 communes.
1134 1893 1215 1962 104.
1230 1895 1262 1962 N
1264 1920 1316 1962 am

141 1980 225 2065 quid
254 2005 313 2068 ego
338 1985 376 2048 de
405 1985 520 2050 studiis
544 1986 649 2051 dicam
678 1985 894 2070 cognoscendi
917 2007 1046 2070 semper
1069 1985 1194 2069 aliquid
1219 1990 1316 2070 atque

139 2071 311 2136 discendi?
343 2073 379 2137 in
408 2073 525 2156 quibus
559 2074 676 2139 remoti
705 2075 745 2140 ab
779 2074 879 2139 oeulis
907 2074 1019 2158 populi
1047 2096 1142 2139 omne
1175 2076 1315 2140 otiosum

141 2163 274 2244 tempus
300 2162 519 2228 contrivimus.
554 2162 697 2239 Quarum
720 2185 827 2228 rerum
851 2163 1031 2229 recordatio
1052 2168 1083 2228 et
1106 2165 1263 2230 memoria
1288 2165 1315 2229 si

141 2268 302 2314 unacum
322 2251 379 2317 illo
399 2251 577 2330 occidisset,
601 2251 793 2317 desiderium
815 2251 1071 2317 coniunctissimi
1091 2256 1186 2338 atque
1207 2275 1314 2319 aman-

140 2336 264 2402 tissimi
291 2339 352 2403 viri
379 2340 463 2404 ferre
486 2340 577 2406 nullo
601 2341 696 2406 modo
720 2363 857 2424 possem.
904 2339 966 2406 sed
993 2364 1051 2407 nec
1074 2341 1133 2406 illa
1156 2343 1315 2408 exstincta

143 2430 223 2491 sunt
250 2427 446 2511 alunturque
474 2429 583 2512 potius
614 2433 647 2494 et
675 2433 836 2516 augentur
865 2429 1062 2515 cogitatione
1095 2434 1127 2494 et
1159 2431 1316 2497 memoria

143 2537 229 2598 mea,
254 2520 299 2594 et,
324 2517 352 2580 si
375 2517 441 2581 illis
468 2519 564 2602 plane
589 2519 721 2583 orbatus
746 2541 863 2602 essem,
886 2539 1043 2604 magnum
1070 2522 1179 2584 tamen
1211 2520 1316 2585 adfert

143 2605 224 2668 mibi
248 2609 338 2670 aetas
363 2605 436 2691 ipsa
459 2607 623 2672 solacium.
660 2607 790 2672 Diutius
815 2609 900 2672 enim
923 2609 988 2673 iam
1011 2609 1045 2671 in
1068 2607 1129 2672 hoc
1153 2607 1312 2674 desiderio

177 2837 213 2886 ut
232 2833 374 2900 dieitur,
393 2839 523 2900 eu519.
790 2835 894 2906 5104.
932 2834 1027 2902 Nom,
1055 2834 1108 2889 vie
1136 2839 1151 2901 ς
1175 2840 1222 2890 89:
1255 2836 1311 2891 Das

164 2903 276 2982 §102
309 2921 362 2960 res
379 2906 541 2960 humanae
561 2905 642 2960 ‘alles
662 2905 701 2960 Ir-
754 2906 849 2961 bisher
867 2905 988 2976 Gesagte
1007 2908 1127 2976 geniigt‚
1147 2924 1195 2960 um
1213 2923 1312 2962 ansere

141 2971 259 3041 drsohe',
279 2981 293 3040 ξ
315 2982 355 3031 17.
753 2977 958 3032 Freundscbalt
981 2995 1015 3032 zu
1033 2975 1185 3043 beweisen3
1210 2977 1310 3044 deum

179 3047 395 3114 auqur'reudi,
415 3065 448 3101 zu
467 3053 482 3113 5
502 3053 544 3102 81.
753 3050 883 3118 quid-
898 3049 1019 3117 dicore,
1037 3047 1237 3117 Amplificatio‚
1258 3049 1310 3104 wie

178 3129 260 3181 quoe
280 3114 347 3168 ‘und
366 3117 463 3172 diass'.
753 3124 768 3185 ς
788 3126 829 3174 11.

178 3187 214 3238 iu
231 3186 700 3245 maribusbabui‘inntchster
737 3187 742 3198 '
790 3190 1310 3260 acquesceudi-diseeudi‘un·

141 3254 223 3308 Naue
250 3256 292 3336 (so
316 3273 351 3309 zu
374 3274 459 3327 sagon
484 3261 698 3331 bandgreiflieb)
754 3278 814 3317 sere
833 3261 1001 3316 Kenntnisse
1024 3261 1082 3315 und
1100 3278 1182 3316 unser
1200 3262 1312 3316 Wissen

140 3343 193 3380 vor
220 3343 275 3379 nur
301 3325 401 3383 hatts'.
444 3329 517 3399 (Vgl.
545 3328 575 3386 ἐν
604 3331 700 3402 χερσὶν
754 3351 787 3387 zu
814 3332 999 3388 bersichem’.
1037 3331 1100 3402 Vgl.
1125 3339 1192 3399 §86
1220 3349 1311 3388 rerum

141 3394 218 3466 ἔχειν
237 3396 304 3452 oder
323 3393 417 3467 εἶναι).
754 3405 871 3474 repetitio
889 3405 1074 3473 doariawue.

157 3468 273 3549 ‘clara
287 3470 700 3543 etiusiyuis,Hendiadyoin
787 3476 982 3530 recordatio
1009 3481 1038 3529 et
1065 3475 1221 3529 memoria
1247 3475 1310 3530 ‘le-

142 3538 194 3592 ‘1m
212 3538 336 3594 hellsten
354 3537 456 3596 011111
475 3542 622 3599 strehlen'.
752 3545 1114 3616 bendigeblrinnerung’.

177 3611 288 3664 auimo
306 3640 341 3650 -
359 3613 522 3682 suscipiet
547 3613 620 3668 ‘sich
647 3616 699 3670 mit
788 3619 1066 3672 couiuuetissirui
1080 3621 1179 3686 atque
1194 3633 1309 3671 auau-

138 3678 437 3748 grblsernEntvvtirfen
450 3682 508 3737 und
521 3682 699 3756 Hoffnungen
753 3689 889 3754 tissimi,
908 3686 965 3756 vgl.
985 3693 999 3753 q
1019 3693 1043 3742 2.

138 3752 261 3819 tragen’.
787 3775 844 3814 uee
858 3757 1085 3827 korrespondiert
1098 3757 1179 3812 nieht
1191 3757 1244 3813 mit
1258 3775 1309 3828 que

152 3821 281 3903 epioe.
318 3823 355 3904 de
377 3826 571 3894 republica
591 3828 698 3898 ‘inpo-
752 3847 789 3884 an
812 3830 941 3898 eluatur,
972 3828 1021 3884 das
1042 3829 1234 3900 berichtigend
1262 3831 1308 3898 ist,

138 3891 271 3946 htrsehen
289 3891 420 3977 Drngenff
752 3900 870 3955 sondern
888 3901 941 3956 mit
959 3905 984 3956 et
1002 3931 1035 3940 -
1054 3901 1153 3968 adfert.

171 3963 350 4044 pleurobl.
370 3984 410 4020 rm
428 3967 461 4021 D.
482 3967 535 4022 ein
548 3968 697 4038 Adjektiv:
787 3972 902 4038 adfert
923 3972 994 4026 statt
1017 3972 1148 4038 adferret,
1171 3971 1237 4026 weil
1260 3971 1310 4028 der

140 4032 350 4103 ‘genulsrerch’.
752 4042 844 4110 Trost,
863 4043 917 4097 den
936 4043 985 4098 das
1003 4041 1082 4098 Alter
1101 4043 1239 4113 gevtbrt,
1259 4062 1308 4098 un-

173 4104 699 4191 Numquams-ue-quidem,zu
752 4113 895 4185 abhtngig
931 4131 986 4169 von
1018 4113 1099 4183 jeder
1134 4114 1308 4185 asdingung,

137 4180 153 4241 5
174 4181 205 4230 10
224 4194 257 4232 ue
277 4208 309 4218 -
329 4180 445 4248 quedem.
751 4183 990 4240 thatsltehlich
1008 4185 1171 4240 verbanden
1190 4185 1235 4241 ist.

173 4248 479 4316 quod-seuserim.
506 4253 574 4308 Was
592 4251 637 4308 fiir
651 4252 698 4308 ein
787 4260 879 4311 aetas
892 4257 968 4326 ipsa
984 4256 1080 4311 ‘sehon
1094 4256 1186 4311 meina
1200 4256 1307 4326 Jahre’,

137 4316 331 4400 Konjunktiv?
749 4327 807 4397 vgl.
826 4331 841 4392 1
862 4333 895 4381 19
919 4333 1022 4383 ustura
1041 4328 1110 4397 ipsa.

172 4393 281 4445 rectus
302 4390 526 4450 ‘Lebensveiss'.
785 4398 928 4454 Diutius
948 4398 1098 4453 ‘aneu-n

1057 4486 1094 4542 5*
