3080 4968
518 286 592 344 eAP.
609 287 770 346 xlx-xx.
803 292 947 354 sio-rs.
1119 373 1122 380 ¹
1278 289 1321 354 53

147 451 215 517 fere
239 452 400 536 contingit
421 451 485 516 nisi
508 451 557 532 iis,
581 451 637 536 qui
656 452 754 516 ctiam
773 452 1024 518 contemnendos
1049 474 1082 518 se
1107 452 1321 538 arbitrantur3

147 541 204 626 qui
226 541 288 606 hac
313 541 463 626 opinione
486 562 552 606 uon
580 539 676 606 modo
705 541 827 626 verbis,
855 539 911 606 sed
939 542 1037 608 etiam
1068 563 1164 626 opere
1191 541 1322 608 levandi

147 633 231 695 sunt.
279 627 337 698 73.
374 630 514 695 Tantum
538 633 647 694 autem
671 629 785 714 cuique
808 629 1027 715 tribuendum,
1058 631 1199 714 primum
1223 653 1323 717 quan-

145 723 218 786 tum
251 720 320 804 ipse
351 718 476 784 efficere
508 719 628 803 possis,
661 717 775 783 deinde
807 717 906 784 etiam
936 723 1092 805 quantum
1123 719 1194 804 illc,
1226 741 1322 806 quem

146 809 266 893 diligas
291 812 388 893 atque
412 807 559 893 adiuves,
587 808 757 873 sustinere.
801 805 878 872 Non
906 809 992 873 enim
1019 830 1122 896 neque
1145 811 1183 873 tu
1205 810 1322 892 possis,

146 898 295 983 quamvis
319 897 472 980 excellas,
502 918 614 962 omnes
637 898 712 962 tuos
737 896 778 962 ad
800 896 940 963 honores
965 897 1184 983 amplissimos
1207 897 1321 981 perdu-

146 1009 233 1069 cere,
260 990 296 1054 ut
320 985 428 1071 Scipio
451 985 486 1050 P.
509 985 677 1070 Rupilium
692 987 810 1069 potuit
832 987 997 1052 consulem
1020 986 1161 1070 efficere,
1187 986 1322 1052 fratrem

146 1076 217 1151 eius
241 1075 376 1141 Lucium
398 1096 465 1139 non
487 1076 604 1160 potuit.
649 1074 772 1152 Quodsi
795 1077 894 1141 etiam
917 1076 1024 1161 possis
1048 1075 1175 1161 quidvis
1198 1074 1321 1140 deferre

146 1165 188 1230 ad
212 1165 361 1247 alterum,
384 1164 558 1230 videndum
583 1166 773 1249 esttamen,
798 1165 873 1250 quid
896 1163 952 1229 ille
975 1167 1081 1250 possit
1104 1165 1271 1230 sustinere.

238 1253 296 1321 74.
334 1253 474 1319 Omnino
498 1253 660 1320 amicitiae
679 1253 902 1319 conroboratis
921 1254 988 1319 iam
1007 1253 1269 1338 confirmatisque
1289 1259 1322 1318 et

92 1369 95 1372 ·
146 1344 289 1430 ingeniis
309 1346 342 1408 et
360 1342 522 1408 aetatibus
541 1343 732 1408 iudicandae
752 1346 837 1425 sunt,
855 1365 923 1428 nec,
943 1344 971 1408 si
990 1345 1045 1428 qui
1063 1344 1195 1410 ineunte
1215 1345 1322 1408 aetate

145 1433 287 1498 venandi
318 1436 376 1497 aut
406 1432 492 1516 pilae
525 1432 663 1497 studiosi
694 1432 838 1510 fuerunt,
873 1454 928 1498 eos
959 1431 1080 1498 habere
1111 1431 1322 1514 necessarios,

147 1545 227 1606 quos
251 1526 321 1588 tum
345 1521 457 1588 eodem
482 1520 590 1587 studio
612 1521 776 1604 praeditos
801 1521 990 1588 dilexerunt.
1031 1521 1099 1586 Isto
1120 1522 1205 1586 enim
1224 1520 1321 1587 modo

145 1612 287 1677 nutrices
317 1615 349 1675 et
375 1609 558 1694 paedagogi
585 1610 653 1674 iure
681 1610 851 1676 vetustatis
874 1610 1052 1694 plurimum
1078 1609 1321 1676 benevolentiae

145 1702 376 1786 postulabunt,
395 1699 452 1784 qui
469 1699 664 1785 neglegendi
683 1700 811 1785 quidem
831 1721 898 1764 non
918 1703 1002 1782 sunt,
1022 1698 1079 1764 sed
1098 1699 1162 1764 alio
1183 1699 1322 1783 quodam

149 1791 246 1855 modo
277 1788 475 1853 boaestaadi.
530 1786 637 1853 Aliter
669 1789 832 1854 amicitiae
866 1788 999 1853 stabiles
1035 1808 1224 1871 permanere
1255 1809 1323 1852 non

145 1882 292 1963 possunt.
328 1876 485 1960 Dispares
505 1876 590 1941 enim
609 1899 725 1962 mores,
748 1878 893 1962 disparia
913 1877 1019 1942 studia
1038 1881 1223 1960 sequuntur,
1244 1897 1321 1960 quo·

146 1989 219 2030 rum
247 1965 475 2031 dissimilitudo
509 1965 662 2031 dissociat
694 1967 868 2051 amicitias,
900 1987 958 2031 nec
989 1967 1030 2030 ob
1064 1967 1163 2031 aliem
1191 1987 1322 2031 oausam

147 2055 249 2119 ullam
274 2055 352 2120 boni
375 2054 546 2138 improbis,
578 2055 719 2138 improbi
746 2057 840 2121 bonis
871 2055 965 2121 amici
995 2076 1064 2120 csse
1087 2077 1154 2121 non
1176 2057 1322 2139 possunt,

147 2143 213 2208 nisi
242 2144 326 2229 quod
358 2146 452 2208 tanta
479 2146 529 2207 est
561 2143 645 2208 inter
675 2166 744 2228 eos,
777 2149 899 2231 quanta
931 2145 1072 2208 maxima
1101 2147 1212 2230 potest
1244 2164 1322 2227 csse,
1376 2211 1377 2214 ,

150 2254 277 2297 morum
314 2232 558 2316 studiorumque
595 2233 760 2299 distantia.
808 2233 865 2300 75.
907 2233 1008 2298 Recte
1045 2234 1144 2298 etiam
1179 2233 1322 2318 praecipi

149 2326 260 2406 potest
278 2322 313 2386 in
331 2321 494 2405 amicitiis,
510 2344 551 2386 ne
571 2322 787 2408 intemperata
805 2323 964 2409 quaedam
983 2323 1218 2405 benevolentia,
1237 2316 1322 2407 quod

182 2551 251 2616 sere
270 2549 485 2619 =pteramqae
797 2550 881 2618 §aa
913 2551 1140 2606 amicitiae-
1160 2551 1320 2606 iudican-

183 2621 447 2689 contemnendos,
471 2639 505 2674 zu
528 2625 543 2688 §
562 2627 595 2675 26
620 2623 705 2677 coasi-
760 2622 820 2676 dae
838 2627 917 2677 suat
932 2647 965 2666 =
980 2623 1217 2705 iudicandamuest
1235 2623 1321 2676 de-.

148 2693 308 2775 derandum.
327 2689 459 2759 Beaohte‚
470 2691 531 2746 dass
541 2697 706 2775 coatenaaere
796 2694 1032 2748 conroboratis
1042 2725 1075 2734 —
1089 2692 1321 2776 actatabasfoerst)

146 2763 226 2818 nicht
235 2777 346 2816 unserm
356 2763 530 2818 ‘veraehten’
541 2765 705 2834 entspneht,
759 2779 840 2818 wenn
851 2763 900 2819 der
910 2763 1066 2820 Charakter
1075 2765 1128 2818 mit
1137 2765 1191 2819 den
1200 2763 1320 2818 rerieren

147 2835 268 2888 sondern
295 2833 356 2888 dala
379 2834 430 2890 das
454 2835 537 2890 Wort
559 2835 704 2890 bedeutet:
759 2834 864 2890 Jahren
882 2835 1002 2890 erstarkt
1019 2835 1078 2891 ist'.

148 2906 212 2960 ‘mit
227 2904 480 2976 Glcichgdltigkeit
494 2907 625 2975 ansehen,
644 2905 705 2960 sich
795 2908 934 2962 ineunte
952 2911 1075 2972 aetate,
1094 2923 1128 2960 zu
1147 2910 1162 2972 ξ
1182 2911 1206 2960 1.

147 2993 196 3032 aus
225 2978 311 3031 etwas
339 2977 432 3032 nichts
465 2977 594 3032 machen’
624 2996 645 3032 z.
673 2978 705 3033 B.
754 2997 758 3007 ·
797 2978 916 3033 babere
931 2977 1109 3044 ‘habandein
1125 2977 1248 3032 ansehen
1263 2975 1316 3031 als’

146 3050 260 3104 bonores
278 3049 304 3117 (ξ
322 3051 376 3130 86);
761 3047 862 3118 (nicht:
879 3049 987 3104 ‘hulten
1000 3049 1124 3118 far-²).
1154 3049 1210 3104 Der
1225 3047 1319 3102 Infini-

182 3121 240 3188 qai
257 3120 318 3174 bac
337 3119 425 3175 ‘drese
444 3118 508 3174 sind
527 3121 602 3188 dann
620 3120 676 3177 -'.
760 3119 815 3189 tir,
838 3121 880 3174 als
904 3122 940 3175 ob
964 3125 1068 3190 oportet
1091 3120 1217 3175 iudicare
1235 3121 1267 3175 de
1285 3149 1321 3160 -

182 3205 286 3260 opere.
319 3189 385 3244 Man
404 3193 521 3246 erwarte
539 3190 620 3246 nieht
633 3193 707 3247 etwa
760 3191 955 3262 vorherginge.

148 3261 335 3342 stattdessen
348 3262 437 3330 retas,
457 3260 507 3317 das
524 3263 589 3316 dem
603 3280 706 3332 gagen·
795 3265 920 3345 stadio.
956 3263 1086 3319 Stadium
1105 3263 1264 3331 (cadmeas)
1282 3263 1321 3317 ist

148 3331 302 3387 sttzhchan
329 3333 416 3388 verbis
445 3331 498 3390 den
524 3334 632 3404 Begriff
656 3335 706 3388 des
761 3333 811 3388 der
842 3333 939 3390 latam.
973 3333 1121 3390 Ausdruok
1158 3335 1203 3389 fiir
1239 3349 1325 3388 unser

149 3402 428 3460 Scheiubaren
460 3405 587 3474 gegeben
615 3405 706 3460 haben
762 3403 1144 3476 ‘Lieblingsbesehtftigunffi
1163 3405 1301 3461 Passion'.

147 3475 250 3529 wlirde.
356 3545 361 3557 ⁸
474 3545 480 3556 ·
796 3477 1008 3560 hoaestaadi.
1036 3478 1239 3533 Wietonestac
1253 3475 1325 3545 (vgl.

150 3545 292 3671 ,teila
306 3545 706 3672 sacrabatur·
760 3549 917 3689 {diti
937 3547 1321 3701 attestata

185 3704 296 3769 aeque·
310 3688 382 3742 ohne
407 3687 706 3754 korrespondiereudes
761 3690 849 3772 steht,
878 3691 1024 3756 bedentet,
1053 3707 1083 3746 so
1115 3693 1153 3745 ist
1180 3689 1326 3744 honestare·

148 3775 240 3829 aeque.
266 3757 322 3813 Cre.
332 3757 429 3812 wollte
438 3757 608 3814 fortfahren:
622 3776 707 3829 nepae
762 3759 771 3788 ‘
785 3761 922 3816 emanden
940 3777 991 3841 yor
1004 3762 1059 3816 den
1072 3760 1187 3827 Leutcn,
1206 3777 1257 3814 vor
1271 3759 1320 3814 der

147 3832 200 3914 iiie·
221 3830 328 3913 onmia,
358 3846 427 3898 qaae
448 3831 488 3913 ad
517 3847 576 3884 eum
602 3831 707 3913 deferre
799 3829 1061 3930 elt'ausaipchuen',
1098 3902 1104 3914 .
1327 3907 1329 3912 Ι

147 3901 707 4054 assecurari-accc
763 3902 1121 4030 aaaeaaaau
1148 3899 1323 4029 caecae

149 4045 239 4100 luth1e
258 4041 418 4098 varanlasst.
438 4031 532 4127 'liber
549 4060 606 4098 reon
623 4060 708 4114 aeque
760 4050 839 4129 suat,
870 4046 930 4100 also
949 4047 1027 4101 eei
1054 4045 1192 4100 amicitiae
1211 4075 1244 4084 -
1263 4059 1327 4126 aaa·

151 4121 220 4242 a,
239 4115 520 4272 aestiua
760 4116 944 4270 tricena
963 4115 1022 4272 a.
1042 4116 1235 4244 traua
1249 4114 1326 4242 st

182 4263 294 4343 potuit
310 4289 343 4298 -
357 4274 424 4313 aoa
438 4262 568 4327 potuit,
581 4275 620 4340 'au
634 4262 649 4323 ς
665 4264 707 4314 19.
761 4275 814 4314 wie
827 4259 911 4341 'quod
936 4275 993 4314 aisa
1011 4264 1052 4315 eta
1070 4264 1108 4314 est
1127 4258 1194 4315 oder
1211 4261 1243 4327 fit
1260 4276 1320 4314 um-

184 4331 323 4398 effecere
342 4328 560 4398 ‘durchsctzen'‚
579 4328 707 4384 1hmdas
761 4328 914 4387 schneben.

150 4400 289 4456 Konsulat
306 4399 486 4457 verschaffen.
797 4407 924 4471 pacata
953 4432 985 4441 —
1014 4418 1081 4458 esee
1109 4400 1167 4456 ‘die
1194 4401 1321 4456 denkbar

186 4472 318 4540 deferre
336 4471 390 4526 mit
407 4470 501 4542 Bezug
519 4471 570 4527 auf
585 4473 706 4542 iwaoree.
761 4472 890 4543 grtlrte'.
927 4473 991 4546 Vgl.
1012 4473 1072 4532 Cat.
1092 4491 1128 4531 m.
1148 4478 1163 4540 ξ
1181 4479 1213 4527 41
1241 4476 1327 4528 tauta
