<?xml version="1.0" encoding="UTF-8"?>
<!DOCTYPE html PUBLIC "-//W3C//DTD XHTML 1.0 Transitional//EN"
    "http://www.w3.org/TR/xhtml1/DTD/xhtml1-transitional.dtd">
<html xmlns="http://www.w3.org/1999/xhtml" xml:lang="en" lang="en">
 <head>
  <title>
</title>
<meta http-equiv="Content-Type" content="text/html;charset=utf-8" />
  <meta name='ocr-system' content='tesseract 3.04.00' />
  <meta name='ocr-capabilities' content='ocr_page ocr_carea ocr_par ocr_line ocrx_word'/>
</head>
<body>
  <div class='ocr_page' id='page_1' title='image "./mtulliciceronis00meisgoog_0039.png"; bbox 0 0 3080 4968; ppageno 0'>
   <div class='ocr_carea' id='block_1_1' title="bbox 240 239 1026 311">
    <p class='ocr_par' dir='ltr' id='par_1_1' title="bbox 240 239 1026 311">
     <span class='ocr_line' id='line_1_1' title="bbox 240 239 1026 311; baseline -0.004 -13"><span class='ocrx_word' id='word_1_1' title='bbox 240 245 284 311; x_wconf 87' lang='lat'><strong>30</strong></span> <span class='ocrx_word' id='word_1_2' title='bbox 620 241 774 298; x_wconf 70' lang='lat' dir='ltr'><strong>isumus</strong></span> <span class='ocrx_word' id='word_1_3' title='bbox 792 240 841 295; x_wconf 76' lang='lat' dir='ltr'><strong>Du</strong></span> <span class='ocrx_word' id='word_1_4' title='bbox 861 239 1026 297; x_wconf 78' lang='lat' dir='ltr'>AMICITIA</span> 
     </span>
    </p>
   </div>
   <div class='ocr_carea' id='block_1_2' title="bbox 239 401 1507 492">
    <p class='ocr_par' dir='ltr' id='par_1_2' title="bbox 239 401 1507 492">
     <span class='ocr_line' id='line_1_2' title="bbox 239 401 1507 492; baseline -0.003 -19"><span class='ocrx_word' id='word_1_5' title='bbox 239 409 300 492; x_wconf 86' lang='lat' dir='ltr'><strong>eis,</strong></span> <span class='ocrx_word' id='word_1_6' title='bbox 334 429 413 492; x_wconf 92' lang='lat' dir='ltr'><strong>quos</strong></span> <span class='ocrx_word' id='word_1_7' title='bbox 441 427 616 491; x_wconf 80' lang='lat' dir='ltr'><strong>numquam</strong></span> <span class='ocrx_word' id='word_1_8' title='bbox 643 405 795 490; x_wconf 89' lang='lat' dir='ltr'><strong>vidimus,</strong></span> <span class='ocrx_word' id='word_1_9' title='bbox 822 405 884 489; x_wconf 87' lang='lat' dir='ltr'><strong>vel,</strong></span> <span class='ocrx_word' id='word_1_10' title='bbox 915 405 1000 490; x_wconf 92' lang='lat' dir='ltr'><strong>quod</strong></span> <span class='ocrx_word' id='word_1_11' title='bbox 1028 406 1132 471; x_wconf 89' lang='lat' dir='ltr'><strong>maius</strong></span> <span class='ocrx_word' id='word_1_12' title='bbox 1161 407 1223 488; x_wconf 90' lang='lat' dir='ltr'><strong>cst,</strong></span> <span class='ocrx_word' id='word_1_13' title='bbox 1250 404 1284 471; x_wconf 91' lang='lat' dir='ltr'><strong>in</strong></span> <span class='ocrx_word' id='word_1_14' title='bbox 1311 403 1411 470; x_wconf 85' lang='lat' dir='ltr'><strong>hoste</strong></span> <span class='ocrx_word' id='word_1_15' title='bbox 1506 401 1507 408; x_wconf 11' lang='grc' dir='ltr'><strong>ἶ</strong></span> 
     </span>
    </p>
   </div>
   <div class='ocr_carea' id='block_1_3' title="bbox 239 493 1410 846">
    <p class='ocr_par' dir='ltr' id='par_1_3' title="bbox 239 493 1410 846">
     <span class='ocr_line' id='line_1_3' title="bbox 240 493 1410 582; baseline -0.005 -19"><span class='ocrx_word' id='word_1_16' title='bbox 240 498 339 563; x_wconf 85' lang='lat' dir='ltr'><strong>etiam</strong></span> <span class='ocrx_word' id='word_1_17' title='bbox 363 495 546 582; x_wconf 83' lang='lat' dir='ltr'><strong>diligamus,</strong></span> <span class='ocrx_word' id='word_1_18' title='bbox 572 495 647 579; x_wconf 91' lang='lat' dir='ltr'><strong>quid</strong></span> <span class='ocrx_word' id='word_1_19' title='bbox 671 495 788 560; x_wconf 89' lang='lat' dir='ltr'><strong>mirum</strong></span> <span class='ocrx_word' id='word_1_20' title='bbox 811 499 869 577; x_wconf 90' lang='lat' dir='ltr'><strong>est,</strong></span> <span class='ocrx_word' id='word_1_21' title='bbox 893 494 919 558; x_wconf 90' lang='lat' dir='ltr'><strong>si</strong></span> <span class='ocrx_word' id='word_1_22' title='bbox 943 493 1041 559; x_wconf 90' lang='lat' dir='ltr'><strong>animi</strong></span> <span class='ocrx_word' id='word_1_23' title='bbox 1063 495 1232 560; x_wconf 92' lang='lat' dir='ltr'><strong>hominum</strong></span> <span class='ocrx_word' id='word_1_24' title='bbox 1254 515 1410 559; x_wconf 86' lang='lat' dir='ltr'><strong>movean-</strong></span> 
     </span>
     <span class='ocr_line' id='line_1_4' title="bbox 239 582 1410 670; baseline -0.004 -19"><span class='ocrx_word' id='word_1_25' title='bbox 239 590 307 665; x_wconf 89' lang='lat' dir='ltr'><strong>tur,</strong></span> <span class='ocrx_word' id='word_1_26' title='bbox 347 606 421 650; x_wconf 89' lang='lat' dir='ltr'><strong>cum</strong></span> <span class='ocrx_word' id='word_1_27' title='bbox 456 605 580 663; x_wconf 87' lang='lat' dir='ltr'><strong>eorum,</strong></span> <span class='ocrx_word' id='word_1_28' title='bbox 621 583 811 670; x_wconf 82' lang='lat' dir='ltr'><strong>quibuscum</strong></span> <span class='ocrx_word' id='word_1_29' title='bbox 848 604 909 648; x_wconf 88' lang='lat' dir='ltr'><strong>usu</strong></span> <span class='ocrx_word' id='word_1_30' title='bbox 946 582 1110 648; x_wconf 88' lang='lat' dir='ltr'><strong>coniuncti</strong></span> <span class='ocrx_word' id='word_1_31' title='bbox 1149 605 1220 650; x_wconf 88' lang='lat' dir='ltr'><strong>esse</strong></span> <span class='ocrx_word' id='word_1_32' title='bbox 1260 586 1410 669; x_wconf 90' lang='lat' dir='ltr'><strong>possunt,</strong></span> 
     </span>
     <span class='ocr_line' id='line_1_5' title="bbox 239 670 1409 757; baseline -0.003 -17"><span class='ocrx_word' id='word_1_33' title='bbox 239 675 394 740; x_wconf 81' lang='lat' dir='ltr'><strong>virtutem</strong></span> <span class='ocrx_word' id='word_1_34' title='bbox 418 676 450 739; x_wconf 90' lang='lat' dir='ltr'><strong>et</strong></span> <span class='ocrx_word' id='word_1_35' title='bbox 473 673 655 738; x_wconf 78' lang='lat' dir='ltr'><strong>bonitatem</strong></span> <span class='ocrx_word' id='word_1_36' title='bbox 678 672 860 757; x_wconf 82' lang='lat' dir='ltr'><strong>perspicere</strong></span> <span class='ocrx_word' id='word_1_37' title='bbox 883 670 1075 737; x_wconf 79' lang='lat' dir='ltr'><strong>videantur?</strong></span> <span class='ocrx_word' id='word_1_38' title='bbox 1108 671 1309 757; x_wconf 81' lang='lat' dir='ltr'><strong>Quamquam</strong></span> <span class='ocrx_word' id='word_1_39' title='bbox 1332 693 1409 738; x_wconf 89' lang='lat' dir='ltr'><strong>oon-</strong></span> 
     </span>
     <span class='ocr_line' id='line_1_6' title="bbox 239 761 1409 846; baseline -0.003 -18"><span class='ocrx_word' id='word_1_40' title='bbox 239 764 387 829; x_wconf 89' lang='lat' dir='ltr'><strong>firmatur</strong></span> <span class='ocrx_word' id='word_1_41' title='bbox 411 779 501 828; x_wconf 82' lang='lat' dir='ltr'><strong>amor</strong></span> <span class='ocrx_word' id='word_1_42' title='bbox 524 764 556 826; x_wconf 90' lang='lat' dir='ltr'><strong>et</strong></span> <span class='ocrx_word' id='word_1_43' title='bbox 574 761 730 827; x_wconf 86' lang='lat' dir='ltr'><strong>beneficio</strong></span> <span class='ocrx_word' id='word_1_44' title='bbox 754 764 885 846; x_wconf 88' lang='lat' dir='ltr'><strong>accepto</strong></span> <span class='ocrx_word' id='word_1_45' title='bbox 909 763 942 825; x_wconf 92' lang='lat' dir='ltr'><strong>et</strong></span> <span class='ocrx_word' id='word_1_46' title='bbox 964 761 1070 827; x_wconf 89' lang='lat' dir='ltr'><strong>studio</strong></span> <span class='ocrx_word' id='word_1_47' title='bbox 1091 766 1259 846; x_wconf 89' lang='lat' dir='ltr'><strong>perspecto</strong></span> <span class='ocrx_word' id='word_1_48' title='bbox 1283 765 1317 826; x_wconf 94' lang='lat' dir='ltr'><strong>et</strong></span> <span class='ocrx_word' id='word_1_49' title='bbox 1334 781 1409 826; x_wconf 88' lang='lat' dir='ltr'><strong>eon-</strong></span> 
     </span>
    </p>
   </div>
   <div class='ocr_carea' id='block_1_4' title="bbox 240 849 1509 934">
    <p class='ocr_par' dir='ltr' id='par_1_4' title="bbox 240 849 1509 934">
     <span class='ocr_line' id='line_1_7' title="bbox 240 849 1509 934; baseline -0.002 -17"><span class='ocrx_word' id='word_1_50' title='bbox 240 851 407 917; x_wconf 86' lang='lat' dir='ltr'><strong>suetudine</strong></span> <span class='ocrx_word' id='word_1_51' title='bbox 439 850 603 928; x_wconf 86' lang='lat' dir='ltr'><strong>adiuncta,</strong></span> <span class='ocrx_word' id='word_1_52' title='bbox 636 849 752 934; x_wconf 88' lang='lat' dir='ltr'><strong>quibus</strong></span> <span class='ocrx_word' id='word_1_53' title='bbox 784 851 880 915; x_wconf 87' lang='lat' dir='ltr'><strong>rebus</strong></span> <span class='ocrx_word' id='word_1_54' title='bbox 913 849 953 914; x_wconf 88' lang='lat' dir='ltr'><strong>ed</strong></span> <span class='ocrx_word' id='word_1_55' title='bbox 984 849 1076 915; x_wconf 90' lang='lat' dir='ltr'><strong>illum</strong></span> <span class='ocrx_word' id='word_1_56' title='bbox 1110 851 1249 934; x_wconf 88' lang='lat' dir='ltr'><strong>primum</strong></span> <span class='ocrx_word' id='word_1_57' title='bbox 1282 853 1409 915; x_wconf 90' lang='lat' dir='ltr'><strong>motum</strong></span> <span class='ocrx_word' id='word_1_58' title='bbox 1508 873 1509 892; x_wconf 60' lang='lat'>¹</span> 
     </span>
    </p>
   </div>
   <div class='ocr_carea' id='block_1_5' title="bbox 239 937 1408 1022">
    <p class='ocr_par' dir='ltr' id='par_1_5' title="bbox 239 937 1408 1022">
     <span class='ocr_line' id='line_1_8' title="bbox 239 937 1408 1022; baseline -0.003 -16"><span class='ocrx_word' id='word_1_59' title='bbox 239 941 340 1006; x_wconf 89' lang='lat' dir='ltr'><strong>animi</strong></span> <span class='ocrx_word' id='word_1_60' title='bbox 359 944 392 1007; x_wconf 90' lang='lat' dir='ltr'><strong>et</strong></span> <span class='ocrx_word' id='word_1_61' title='bbox 411 939 530 1005; x_wconf 87' lang='lat' dir='ltr'><strong>amoris</strong></span> <span class='ocrx_word' id='word_1_62' title='bbox 549 938 704 1004; x_wconf 80' lang='lat' dir='ltr'><strong>adhibitis</strong></span> <span class='ocrx_word' id='word_1_63' title='bbox 719 937 920 1004; x_wconf 85' lang='lat' dir='ltr'><strong>admirabilis</strong></span> <span class='ocrx_word' id='word_1_64' title='bbox 939 940 1097 1022; x_wconf 86' lang='lat' dir='ltr'><strong>quaedam</strong></span> <span class='ocrx_word' id='word_1_65' title='bbox 1115 939 1295 1005; x_wconf 82' lang='lat' dir='ltr'><strong>exardescit</strong></span> <span class='ocrx_word' id='word_1_66' title='bbox 1312 939 1408 1004; x_wconf 90' lang='lat' dir='ltr'><strong>bene·</strong></span> 
     </span>
    </p>
   </div>
   <div class='ocr_carea' id='block_1_6' title="bbox 239 1026 1510 1115">
    <p class='ocr_par' dir='ltr' id='par_1_6' title="bbox 239 1026 1510 1115">
     <span class='ocr_line' id='line_1_9' title="bbox 239 1026 1510 1115; baseline -0.006 -20"><span class='ocrx_word' id='word_1_67' title='bbox 239 1029 399 1095; x_wconf 81' lang='lat' dir='ltr'><strong>velentiae</strong></span> <span class='ocrx_word' id='word_1_68' title='bbox 417 1027 616 1115; x_wconf 76' lang='lat' dir='ltr'><strong>magnitudo.</strong></span> <span class='ocrx_word' id='word_1_69' title='bbox 653 1026 756 1105; x_wconf 82' lang='lat' dir='ltr'><strong>Quam</strong></span> <span class='ocrx_word' id='word_1_70' title='bbox 776 1028 878 1112; x_wconf 88' lang='lat' dir='ltr'><strong>siqui</strong></span> <span class='ocrx_word' id='word_1_71' title='bbox 899 1029 1017 1111; x_wconf 87' lang='lat' dir='ltr'><strong>putant</strong></span> <span class='ocrx_word' id='word_1_72' title='bbox 1040 1027 1080 1093; x_wconf 87' lang='lat' dir='ltr'><strong>ab</strong></span> <span class='ocrx_word' id='word_1_73' title='bbox 1104 1028 1314 1094; x_wconf 85' lang='lat' dir='ltr'><strong>inbecillitate</strong></span> <span class='ocrx_word' id='word_1_74' title='bbox 1331 1050 1407 1112; x_wconf 91' lang='lat' dir='ltr'><strong>pro·</strong></span> <span class='ocrx_word' id='word_1_75' title='bbox 1509 1077 1510 1088; x_wconf 70' lang='grc'>,</span> 
     </span>
    </p>
   </div>
   <div class='ocr_carea' id='block_1_7' title="bbox 238 1115 1407 1203">
    <p class='ocr_par' dir='ltr' id='par_1_7' title="bbox 238 1115 1407 1203">
     <span class='ocr_line' id='line_1_10' title="bbox 238 1115 1407 1203; baseline -0.003 -19"><span class='ocrx_word' id='word_1_76' title='bbox 238 1119 352 1203; x_wconf 87' lang='lat' dir='ltr'><strong>ficisci,</strong></span> <span class='ocrx_word' id='word_1_77' title='bbox 382 1120 420 1182; x_wconf 89' lang='lat' dir='ltr'><strong>ut</strong></span> <span class='ocrx_word' id='word_1_78' title='bbox 446 1118 501 1201; x_wconf 89' lang='lat' dir='ltr'><strong>sit,</strong></span> <span class='ocrx_word' id='word_1_79' title='bbox 528 1137 586 1201; x_wconf 90' lang='lat' dir='ltr'><strong>per</strong></span> <span class='ocrx_word' id='word_1_80' title='bbox 612 1138 708 1201; x_wconf 90' lang='lat' dir='ltr'><strong>quem</strong></span> <span class='ocrx_word' id='word_1_81' title='bbox 738 1115 946 1200; x_wconf 88' lang='lat' dir='ltr'><strong>adsequatur,</strong></span> <span class='ocrx_word' id='word_1_82' title='bbox 974 1117 1059 1201; x_wconf 90' lang='lat' dir='ltr'><strong>quod</strong></span> <span class='ocrx_word' id='word_1_83' title='bbox 1083 1117 1216 1202; x_wconf 87' lang='lat' dir='ltr'><strong>quisque</strong></span> <span class='ocrx_word' id='word_1_84' title='bbox 1239 1117 1407 1199; x_wconf 88' lang='lat' dir='ltr'><strong>desideret,</strong></span> 
     </span>
    </p>
   </div>
   <div class='ocr_carea' id='block_1_8' title="bbox 238 1204 1511 1291">
    <p class='ocr_par' dir='ltr' id='par_1_8' title="bbox 238 1204 1511 1291">
     <span class='ocr_line' id='line_1_11' title="bbox 238 1204 1511 1291; baseline -0.001 -20"><span class='ocrx_word' id='word_1_85' title='bbox 238 1206 394 1273; x_wconf 89' lang='lat' dir='ltr'><strong>humilem</strong></span> <span class='ocrx_word' id='word_1_86' title='bbox 417 1227 493 1270; x_wconf 89' lang='lat' dir='ltr'><strong>sene</strong></span> <span class='ocrx_word' id='word_1_87' title='bbox 515 1205 702 1289; x_wconf 89' lang='lat' dir='ltr'><strong>relinquunt</strong></span> <span class='ocrx_word' id='word_1_88' title='bbox 725 1208 758 1270; x_wconf 90' lang='lat' dir='ltr'><strong>et</strong></span> <span class='ocrx_word' id='word_1_89' title='bbox 780 1204 911 1270; x_wconf 87' lang='lat' dir='ltr'><strong>minime</strong></span> <span class='ocrx_word' id='word_1_90' title='bbox 934 1225 1140 1291; x_wconf 83' lang='lat' dir='ltr'><strong>generosum,</strong></span> <span class='ocrx_word' id='word_1_91' title='bbox 1163 1209 1200 1271; x_wconf 90' lang='lat' dir='ltr'><strong>ut</strong></span> <span class='ocrx_word' id='word_1_92' title='bbox 1222 1206 1270 1272; x_wconf 90' lang='lat' dir='ltr'><strong>ita</strong></span> <span class='ocrx_word' id='word_1_93' title='bbox 1293 1206 1408 1289; x_wconf 85' lang='lat' dir='ltr'><strong>dicam,</strong></span> <span class='ocrx_word' id='word_1_94' title='bbox 1510 1287 1511 1290; x_wconf 8' lang='grc' dir='ltr'><strong>Ἴ</strong></span> 
     </span>
    </p>
   </div>
   <div class='ocr_carea' id='block_1_9' title="bbox 238 1294 1408 1913">
    <p class='ocr_par' dir='ltr' id='par_1_9' title="bbox 238 1294 1408 1913">
     <span class='ocr_line' id='line_1_12' title="bbox 240 1294 1407 1380; baseline -0.003 -18"><span class='ocrx_word' id='word_1_95' title='bbox 240 1300 348 1362; x_wconf 92' lang='lat' dir='ltr'><strong>ortum</strong></span> <span class='ocrx_word' id='word_1_96' title='bbox 363 1294 535 1378; x_wconf 89' lang='lat' dir='ltr'><strong>amicitiae,</strong></span> <span class='ocrx_word' id='word_1_97' title='bbox 554 1315 651 1378; x_wconf 85' lang='lat' dir='ltr'><strong>quam</strong></span> <span class='ocrx_word' id='word_1_98' title='bbox 666 1315 705 1359; x_wconf 83' lang='lat' dir='ltr'><strong>ex</strong></span> <span class='ocrx_word' id='word_1_99' title='bbox 723 1294 834 1378; x_wconf 90' lang='lat' dir='ltr'><strong>inopia</strong></span> <span class='ocrx_word' id='word_1_100' title='bbox 852 1297 948 1378; x_wconf 88' lang='lat' dir='ltr'><strong>atque</strong></span> <span class='ocrx_word' id='word_1_101' title='bbox 966 1294 1146 1380; x_wconf 84' lang='lat' dir='ltr'><strong>indigentia</strong></span> <span class='ocrx_word' id='word_1_102' title='bbox 1158 1298 1270 1361; x_wconf 87' lang='lat' dir='ltr'><strong>natam</strong></span> <span class='ocrx_word' id='word_1_103' title='bbox 1284 1295 1407 1360; x_wconf 84' lang='lat' dir='ltr'><strong>volunt.</strong></span> 
     </span>
     <span class='ocr_line' id='line_1_13' title="bbox 240 1381 1408 1468; baseline 0.001 -19"><span class='ocrx_word' id='word_1_104' title='bbox 240 1383 334 1461; x_wconf 87' lang='lat' dir='ltr'><strong>Quod</strong></span> <span class='ocrx_word' id='word_1_105' title='bbox 358 1384 387 1448; x_wconf 91' lang='lat' dir='ltr'><strong>si</strong></span> <span class='ocrx_word' id='word_1_106' title='bbox 409 1384 457 1449; x_wconf 90' lang='lat' dir='ltr'><strong>ita</strong></span> <span class='ocrx_word' id='word_1_107' title='bbox 474 1385 569 1462; x_wconf 88' lang='lat' dir='ltr'><strong>esset,</strong></span> <span class='ocrx_word' id='word_1_108' title='bbox 591 1386 629 1447; x_wconf 93' lang='lat' dir='ltr'><strong>ut</strong></span> <span class='ocrx_word' id='word_1_109' title='bbox 648 1382 783 1468; x_wconf 87' lang='lat' dir='ltr'><strong>quisque</strong></span> <span class='ocrx_word' id='word_1_110' title='bbox 802 1381 971 1449; x_wconf 90' lang='lat' dir='ltr'><strong>minimum</strong></span> <span class='ocrx_word' id='word_1_111' title='bbox 991 1405 1061 1449; x_wconf 90' lang='lat' dir='ltr'><strong>esse</strong></span> <span class='ocrx_word' id='word_1_112' title='bbox 1079 1384 1113 1448; x_wconf 93' lang='lat' dir='ltr'><strong>in</strong></span> <span class='ocrx_word' id='word_1_113' title='bbox 1132 1406 1166 1450; x_wconf 91' lang='lat' dir='ltr'><strong>se</strong></span> <span class='ocrx_word' id='word_1_114' title='bbox 1185 1383 1408 1468; x_wconf 84' lang='lat' dir='ltr'><strong>arbitraretur,</strong></span> 
     </span>
     <span class='ocr_line' id='line_1_14' title="bbox 238 1471 1408 1559; baseline 0 -23"><span class='ocrx_word' id='word_1_115' title='bbox 238 1473 288 1537; x_wconf 87' lang='lat' dir='ltr'><strong>ita</strong></span> <span class='ocrx_word' id='word_1_116' title='bbox 324 1471 364 1538; x_wconf 89' lang='lat' dir='ltr'><strong>ad</strong></span> <span class='ocrx_word' id='word_1_117' title='bbox 400 1471 576 1536; x_wconf 86' lang='lat' dir='ltr'><strong>amicitiam</strong></span> <span class='ocrx_word' id='word_1_118' title='bbox 608 1475 693 1536; x_wconf 89' lang='lat' dir='ltr'><strong>esset</strong></span> <span class='ocrx_word' id='word_1_119' title='bbox 725 1471 927 1557; x_wconf 59' lang='lat' dir='ltr'><strong>aptissimum</strong></span> <span class='ocrx_word' id='word_1_120' title='bbox 965 1472 1050 1558; x_wconf 89' lang='lat' dir='ltr'><strong>quod</strong></span> <span class='ocrx_word' id='word_1_121' title='bbox 1086 1474 1182 1559; x_wconf 80' lang='lat' dir='ltr'><strong>longe</strong></span> <span class='ocrx_word' id='word_1_122' title='bbox 1220 1494 1310 1540; x_wconf 90' lang='lat' dir='ltr'><strong>secus</strong></span> <span class='ocrx_word' id='word_1_123' title='bbox 1347 1475 1408 1537; x_wconf 82' lang='lat' dir='ltr'><strong>est</strong></span> 
     </span>
     <span class='ocr_line' id='line_1_15' title="bbox 240 1557 1408 1647; baseline -0.002 -19"><span class='ocrx_word' id='word_1_124' title='bbox 240 1559 299 1628; x_wconf 81' lang='lat'><strong>30.</strong></span> <span class='ocrx_word' id='word_1_125' title='bbox 335 1557 382 1625; x_wconf 91' lang='lat' dir='ltr'><strong>Ut</strong></span> <span class='ocrx_word' id='word_1_126' title='bbox 404 1560 491 1626; x_wconf 90' lang='lat' dir='ltr'><strong>enim</strong></span> <span class='ocrx_word' id='word_1_127' title='bbox 519 1560 652 1646; x_wconf 90' lang='lat' dir='ltr'><strong>quisque</strong></span> <span class='ocrx_word' id='word_1_128' title='bbox 681 1560 744 1626; x_wconf 93' lang='lat' dir='ltr'><strong>sibi</strong></span> <span class='ocrx_word' id='word_1_129' title='bbox 770 1559 945 1645; x_wconf 91' lang='lat' dir='ltr'><strong>plurimum</strong></span> <span class='ocrx_word' id='word_1_130' title='bbox 973 1561 1118 1647; x_wconf 88' lang='lat' dir='ltr'><strong>confidit,</strong></span> <span class='ocrx_word' id='word_1_131' title='bbox 1146 1566 1179 1628; x_wconf 88' lang='lat' dir='ltr'><strong>et</strong></span> <span class='ocrx_word' id='word_1_132' title='bbox 1206 1566 1242 1627; x_wconf 88' lang='lat' dir='ltr'><strong>ut</strong></span> <span class='ocrx_word' id='word_1_133' title='bbox 1270 1561 1408 1647; x_wconf 89' lang='lat' dir='ltr'><strong>quisque</strong></span> 
     </span>
     <span class='ocr_line' id='line_1_16' title="bbox 238 1648 1408 1736; baseline -0.001 -22"><span class='ocrx_word' id='word_1_134' title='bbox 238 1650 377 1714; x_wconf 86' lang='lat' dir='ltr'><strong>maxime</strong></span> <span class='ocrx_word' id='word_1_135' title='bbox 405 1649 524 1715; x_wconf 86' lang='lat' dir='ltr'><strong>virtute</strong></span> <span class='ocrx_word' id='word_1_136' title='bbox 553 1651 586 1714; x_wconf 91' lang='lat' dir='ltr'><strong>et</strong></span> <span class='ocrx_word' id='word_1_137' title='bbox 613 1648 772 1734; x_wconf 88' lang='lat' dir='ltr'><strong>sapientia</strong></span> <span class='ocrx_word' id='word_1_138' title='bbox 799 1648 846 1714; x_wconf 87' lang='lat' dir='ltr'><strong>sic</strong></span> <span class='ocrx_word' id='word_1_139' title='bbox 868 1650 1011 1716; x_wconf 91' lang='lat' dir='ltr'><strong>munitus</strong></span> <span class='ocrx_word' id='word_1_140' title='bbox 1040 1654 1102 1735; x_wconf 86' lang='lat' dir='ltr'><strong>est,</strong></span> <span class='ocrx_word' id='word_1_141' title='bbox 1131 1654 1169 1716; x_wconf 89' lang='lat' dir='ltr'><strong>ut</strong></span> <span class='ocrx_word' id='word_1_142' title='bbox 1194 1651 1283 1716; x_wconf 89' lang='lat' dir='ltr'><strong>nullo</strong></span> <span class='ocrx_word' id='word_1_143' title='bbox 1312 1654 1408 1736; x_wconf 79' lang='lat' dir='ltr'><strong>egeat</strong></span> 
     </span>
     <span class='ocr_line' id='line_1_17' title="bbox 240 1738 1407 1824; baseline -0.001 -20"><span class='ocrx_word' id='word_1_144' title='bbox 240 1759 360 1822; x_wconf 87' lang='lat' dir='ltr'><strong>suaque</strong></span> <span class='ocrx_word' id='word_1_145' title='bbox 388 1739 498 1804; x_wconf 88' lang='lat' dir='ltr'><strong>omnia</strong></span> <span class='ocrx_word' id='word_1_146' title='bbox 524 1739 558 1802; x_wconf 92' lang='lat' dir='ltr'><strong>in</strong></span> <span class='ocrx_word' id='word_1_147' title='bbox 586 1759 619 1803; x_wconf 89' lang='lat' dir='ltr'><strong>se</strong></span> <span class='ocrx_word' id='word_1_148' title='bbox 646 1739 719 1824; x_wconf 88' lang='lat' dir='ltr'><strong>ipso</strong></span> <span class='ocrx_word' id='word_1_149' title='bbox 746 1738 854 1822; x_wconf 89' lang='lat' dir='ltr'><strong>posita</strong></span> <span class='ocrx_word' id='word_1_150' title='bbox 880 1738 1012 1820; x_wconf 87' lang='lat' dir='ltr'><strong>iudicet,</strong></span> <span class='ocrx_word' id='word_1_151' title='bbox 1041 1739 1088 1804; x_wconf 89' lang='lat' dir='ltr'><strong>ita</strong></span> <span class='ocrx_word' id='word_1_152' title='bbox 1114 1739 1149 1804; x_wconf 92' lang='lat' dir='ltr'><strong>in</strong></span> <span class='ocrx_word' id='word_1_153' title='bbox 1177 1739 1325 1806; x_wconf 86' lang='lat' dir='ltr'><strong>amicitiis</strong></span> <span class='ocrx_word' id='word_1_154' title='bbox 1354 1761 1407 1804; x_wconf 83' lang='lat' dir='ltr'><strong>ex-</strong></span> 
     </span>
     <span class='ocr_line' id='line_1_18' title="bbox 238 1826 1407 1913; baseline 0 -21"><span class='ocrx_word' id='word_1_155' title='bbox 238 1827 384 1913; x_wconf 89' lang='lat' dir='ltr'><strong>petendis</strong></span> <span class='ocrx_word' id='word_1_156' title='bbox 412 1827 616 1911; x_wconf 90' lang='lat' dir='ltr'><strong>colendisque</strong></span> <span class='ocrx_word' id='word_1_157' title='bbox 639 1827 777 1893; x_wconf 86' lang='lat' dir='ltr'><strong>mexime</strong></span> <span class='ocrx_word' id='word_1_158' title='bbox 801 1827 935 1893; x_wconf 88' lang='lat' dir='ltr'><strong>excellit.</strong></span> <span class='ocrx_word' id='word_1_159' title='bbox 982 1826 1066 1905; x_wconf 83' lang='lat' dir='ltr'><strong>Quid</strong></span> <span class='ocrx_word' id='word_1_160' title='bbox 1095 1829 1203 1894; x_wconf 76' lang='lat' dir='ltr'><strong>enim?</strong></span> <span class='ocrx_word' id='word_1_161' title='bbox 1235 1829 1407 1895; x_wconf 82' lang='lat' dir='ltr'><strong>Africanus</strong></span> 
     </span>
    </p>
   </div>
   <div class='ocr_carea' id='block_1_10' title="bbox 242 2001 1407 2216">
    <p class='ocr_par' dir='ltr' id='par_1_10' title="bbox 242 2001 1407 2216">
     <span class='ocr_line' id='line_1_19' title="bbox 274 2001 1406 2072; baseline 0.001 -16"><span class='ocrx_word' id='word_1_162' title='bbox 274 2001 797 2072; x_wconf 79' lang='lat' dir='ltr'><strong>qaodmctcscat‘wasnochmehr</strong></span> <span class='ocrx_word' id='word_1_163' title='bbox 885 2007 921 2057; x_wconf 82' lang='lat' dir='ltr'><strong>ct</strong></span> <span class='ocrx_word' id='word_1_164' title='bbox 947 2004 994 2058; x_wconf 80' lang='lat' dir='ltr'><strong>sit</strong></span> <span class='ocrx_word' id='word_1_165' title='bbox 1027 2001 1161 2059; x_wconf 77' lang='lat' dir='ltr'><strong>‘ntmlich</strong></span> <span class='ocrx_word' id='word_1_166' title='bbox 1188 2021 1236 2058; x_wconf 91' lang='lat' dir='ltr'><strong>um</strong></span> <span class='ocrx_word' id='word_1_167' title='bbox 1264 2004 1345 2060; x_wconf 84' lang='lat' dir='ltr'><strong>einen</strong></span> <span class='ocrx_word' id='word_1_168' title='bbox 1372 2022 1406 2057; x_wconf 85' lang='lat' dir='ltr'><strong>zu</strong></span> 
     </span>
     <span class='ocr_line' id='line_1_20' title="bbox 242 2071 963 2142; baseline 0.003 -16"><span class='ocrx_word' id='word_1_169' title='bbox 242 2089 329 2142; x_wconf 79' lang='lat' dir='ltr'><strong>sagon</strong></span> <span class='ocrx_word' id='word_1_170' title='bbox 347 2071 427 2128; x_wconf 84' lang='lat' dir='ltr'><strong>will&#39;.</strong></span> <span class='ocrx_word' id='word_1_171' title='bbox 849 2072 963 2128; x_wconf 87' lang='lat' dir='ltr'><strong>haben’.</strong></span> 
     </span>
     <span class='ocr_line' id='line_1_21' title="bbox 275 2140 1407 2216; baseline 0.003 -19"><span class='ocrx_word' id='word_1_172' title='bbox 275 2148 483 2209; x_wconf 76' lang='lat' dir='ltr'><strong>moveantar,</strong></span> <span class='ocrx_word' id='word_1_173' title='bbox 524 2142 574 2197; x_wconf 86' lang='lat' dir='ltr'><strong>der</strong></span> <span class='ocrx_word' id='word_1_174' title='bbox 614 2140 796 2210; x_wconf 77' lang='lat' dir='ltr'><strong>KonJ’unktiv,</strong></span> <span class='ocrx_word' id='word_1_175' title='bbox 885 2145 1024 2215; x_wconf 78' lang='lat' dir='ltr'><strong>quisque</strong></span> <span class='ocrx_word' id='word_1_176' title='bbox 1045 2143 1109 2199; x_wconf 86' lang='lat' dir='ltr'><strong>tritt</strong></span> <span class='ocrx_word' id='word_1_177' title='bbox 1130 2144 1168 2199; x_wconf 90' lang='lat' dir='ltr'><strong>im</strong></span> <span class='ocrx_word' id='word_1_178' title='bbox 1187 2145 1249 2200; x_wconf 88' lang='lat' dir='ltr'><strong>Lat.</strong></span> <span class='ocrx_word' id='word_1_179' title='bbox 1272 2146 1407 2216; x_wconf 76' lang='lat' dir='ltr'><strong>geuthn-</strong></span> 
     </span>
    </p>
   </div>
   <div class='ocr_carea' id='block_1_11' title="bbox 239 2212 1515 2284">
    <p class='ocr_par' dir='ltr' id='par_1_11' title="bbox 239 2212 1515 2284">
     <span class='ocr_line' id='line_1_22' title="bbox 239 2212 1515 2284; baseline 0.003 -16"><span class='ocrx_word' id='word_1_180' title='bbox 239 2213 305 2268; x_wconf 82' lang='lat' dir='ltr'><strong>weil</strong></span> <span class='ocrx_word' id='word_1_181' title='bbox 329 2212 374 2268; x_wconf 88' lang='lat' dir='ltr'><strong>die</strong></span> <span class='ocrx_word' id='word_1_182' title='bbox 399 2212 640 2282; x_wconf 82' lang='lat' dir='ltr'><strong>Verwirklicbung</strong></span> <span class='ocrx_word' id='word_1_183' title='bbox 666 2213 798 2267; x_wconf 83' lang='lat' dir='ltr'><strong>erwartet</strong></span> <span class='ocrx_word' id='word_1_184' title='bbox 849 2213 908 2268; x_wconf 87' lang='lat' dir='ltr'><strong>lioh</strong></span> <span class='ocrx_word' id='word_1_185' title='bbox 925 2213 955 2269; x_wconf 90' lang='lat' dir='ltr'><strong>in</strong></span> <span class='ocrx_word' id='word_1_186' title='bbox 978 2215 1032 2270; x_wconf 92' lang='lat' dir='ltr'><strong>den</strong></span> <span class='ocrx_word' id='word_1_187' title='bbox 1049 2215 1232 2284; x_wconf 82' lang='lat' dir='ltr'><strong>Relativsetz,</strong></span> <span class='ocrx_word' id='word_1_188' title='bbox 1261 2217 1309 2272; x_wconf 92' lang='lat' dir='ltr'><strong>der</strong></span> <span class='ocrx_word' id='word_1_189' title='bbox 1331 2216 1407 2272; x_wconf 82' lang='lat' dir='ltr'><strong>daun</strong></span> <span class='ocrx_word' id='word_1_190' title='bbox 1514 2212 1515 2218; x_wconf 61' lang='lat'><em>&#39;</em></span> 
     </span>
    </p>
   </div>
   <div class='ocr_carea' id='block_1_12' title="bbox 239 2282 1406 2430">
    <p class='ocr_par' dir='ltr' id='par_1_12' title="bbox 239 2282 1406 2430">
     <span class='ocr_line' id='line_1_23' title="bbox 239 2282 1247 2356; baseline 0.006 -18"><span class='ocrx_word' id='word_1_191' title='bbox 239 2284 309 2338; x_wconf 78' lang='lat' dir='ltr'><strong>wird</strong></span> <span class='ocrx_word' id='word_1_192' title='bbox 325 2309 358 2330; x_wconf 86' lang='lat'><strong>==</strong></span> <span class='ocrx_word' id='word_1_193' title='bbox 372 2300 439 2338; x_wconf 88' lang='lat' dir='ltr'><strong>men</strong></span> <span class='ocrx_word' id='word_1_194' title='bbox 455 2282 557 2338; x_wconf 69' lang='lat' dir='ltr'><strong>merare</strong></span> <span class='ocrx_word' id='word_1_195' title='bbox 576 2282 635 2338; x_wconf 91' lang='lat' dir='ltr'><strong>sich</strong></span> <span class='ocrx_word' id='word_1_196' title='bbox 654 2283 795 2350; x_wconf 83' lang='lat' dir='ltr'><strong>wundern,</strong></span> <span class='ocrx_word' id='word_1_197' title='bbox 849 2284 879 2338; x_wconf 91' lang='lat' dir='ltr'><strong>in</strong></span> <span class='ocrx_word' id='word_1_198' title='bbox 897 2285 946 2340; x_wconf 88' lang='lat' dir='ltr'><strong>der</strong></span> <span class='ocrx_word' id='word_1_199' title='bbox 964 2286 1052 2355; x_wconf 84' lang='lat' dir='ltr'><strong>Regel</strong></span> <span class='ocrx_word' id='word_1_200' title='bbox 1070 2288 1247 2356; x_wconf 84' lang='lat' dir='ltr'><strong>voreusgebt.</strong></span> 
     </span>
     <span class='ocr_line' id='line_1_24' title="bbox 239 2351 1406 2430; baseline 0.003 -22"><span class='ocrx_word' id='word_1_201' title='bbox 239 2371 321 2410; x_wconf 83' lang='lat' dir='ltr'><strong>wenn</strong></span> <span class='ocrx_word' id='word_1_202' title='bbox 339 2371 369 2409; x_wconf 90' lang='lat' dir='ltr'><strong>es</strong></span> <span class='ocrx_word' id='word_1_203' title='bbox 388 2353 439 2409; x_wconf 86' lang='lat' dir='ltr'><strong>auf</strong></span> <span class='ocrx_word' id='word_1_204' title='bbox 462 2353 507 2408; x_wconf 88' lang='lat' dir='ltr'><strong>die</strong></span> <span class='ocrx_word' id='word_1_205' title='bbox 525 2355 675 2410; x_wconf 85' lang='lat' dir='ltr'><strong>Menschen</strong></span> <span class='ocrx_word' id='word_1_206' title='bbox 693 2351 796 2409; x_wconf 82' lang='lat' dir='ltr'><strong>keinen</strong></span> <span class='ocrx_word' id='word_1_207' title='bbox 884 2361 922 2410; x_wconf 86' lang='lat' dir='ltr'><strong>ct</strong></span> <span class='ocrx_word' id='word_1_208' title='bbox 939 2357 990 2412; x_wconf 79' lang='lat' dir='ltr'><strong>tta</strong></span> <span class='ocrx_word' id='word_1_209' title='bbox 1006 2359 1114 2413; x_wconf 78' lang='lat' dir='ltr'><strong>dicum</strong></span> <span class='ocrx_word' id='word_1_210' title='bbox 1127 2358 1240 2414; x_wconf 85' lang='lat' dir='ltr'><strong>mildert</strong></span> <span class='ocrx_word' id='word_1_211' title='bbox 1255 2359 1318 2430; x_wconf 82' lang='lat' dir='ltr'><strong>(wie</strong></span> <span class='ocrx_word' id='word_1_212' title='bbox 1333 2359 1406 2414; x_wconf 90' lang='lat' dir='ltr'><strong>oben</strong></span> 
     </span>
    </p>
   </div>
   <div class='ocr_carea' id='block_1_13' title="bbox 239 2423 1516 2501">
    <p class='ocr_par' dir='ltr' id='par_1_13' title="bbox 239 2423 1516 2501">
     <span class='ocr_line' id='line_1_25' title="bbox 239 2423 1516 2501; baseline -0.001 -20"><span class='ocrx_word' id='word_1_213' title='bbox 239 2425 382 2481; x_wconf 82' lang='lat' dir='ltr'><strong>Eindruclr</strong></span> <span class='ocrx_word' id='word_1_214' title='bbox 400 2425 518 2481; x_wconf 86' lang='lat' dir='ltr'><strong>macben</strong></span> <span class='ocrx_word' id='word_1_215' title='bbox 532 2426 622 2480; x_wconf 89' lang='lat' dir='ltr'><strong>sollte.</strong></span> <span class='ocrx_word' id='word_1_216' title='bbox 651 2423 704 2480; x_wconf 88' lang='lat' dir='ltr'><strong>Dic</strong></span> <span class='ocrx_word' id='word_1_217' title='bbox 718 2429 796 2480; x_wconf 87' lang='lat' dir='ltr'><strong>sonet</strong></span> <span class='ocrx_word' id='word_1_218' title='bbox 849 2431 988 2497; x_wconf 80' lang='lat' dir='ltr'><strong>tamquam</strong></span> <span class='ocrx_word' id='word_1_219' title='bbox 1012 2429 1103 2500; x_wconf 67' lang='lat'>(514)</span> <span class='ocrx_word' id='word_1_220' title='bbox 1124 2430 1182 2484; x_wconf 88' lang='lat' dir='ltr'><strong>und</strong></span> <span class='ocrx_word' id='word_1_221' title='bbox 1204 2431 1404 2501; x_wconf 76' lang='lat' dir='ltr'><strong>quaet(§27))</strong></span> <span class='ocrx_word' id='word_1_222' title='bbox 1515 2464 1516 2480; x_wconf 27' lang='lat' dir='ltr'><strong>t</strong></span> 
     </span>
    </p>
   </div>
   <div class='ocr_carea' id='block_1_14' title="bbox 239 2495 1406 3274">
    <p class='ocr_par' dir='ltr' id='par_1_14' title="bbox 239 2495 1406 3274">
     <span class='ocr_line' id='line_1_26' title="bbox 240 2495 1406 2570; baseline 0.003 -19"><span class='ocrx_word' id='word_1_223' title='bbox 240 2497 352 2553; x_wconf 77' lang='lat' dir='ltr'><strong>tbliche</strong></span> <span class='ocrx_word' id='word_1_224' title='bbox 381 2495 493 2552; x_wconf 81' lang='lat' dir='ltr'><strong>Formel</strong></span> <span class='ocrx_word' id='word_1_225' title='bbox 524 2497 562 2551; x_wconf 92' lang='lat' dir='ltr'><strong>ist</strong></span> <span class='ocrx_word' id='word_1_226' title='bbox 592 2497 666 2567; x_wconf 77' lang='lat' dir='ltr'><strong>Quid</strong></span> <span class='ocrx_word' id='word_1_227' title='bbox 696 2497 796 2552; x_wconf 79' lang='lat' dir='ltr'><strong>miram</strong></span> <span class='ocrx_word' id='word_1_228' title='bbox 849 2498 903 2553; x_wconf 90' lang='lat' dir='ltr'><strong>den</strong></span> <span class='ocrx_word' id='word_1_229' title='bbox 916 2499 1297 2570; x_wconf 75' lang='lat' dir='ltr'><strong>tropischendebrauchvou</strong></span> <span class='ocrx_word' id='word_1_230' title='bbox 1309 2515 1406 2568; x_wconf 75' lang='lat' dir='ltr'><strong>peme-</strong></span> 
     </span>
     <span class='ocr_line' id='line_1_27' title="bbox 241 2567 1406 2641; baseline 0 -17"><span class='ocrx_word' id='word_1_231' title='bbox 241 2567 324 2638; x_wconf 88' lang='lat' dir='ltr'><strong>(ohne</strong></span> <span class='ocrx_word' id='word_1_232' title='bbox 342 2572 390 2636; x_wconf 80' lang='lat' dir='ltr'><strong>est)</strong></span> <span class='ocrx_word' id='word_1_233' title='bbox 408 2570 433 2623; x_wconf 81' lang='lat' dir='ltr'><strong>si</strong></span> <span class='ocrx_word' id='word_1_234' title='bbox 451 2569 524 2638; x_wconf 81' lang='lat' dir='ltr'><strong>(cam</strong></span> <span class='ocrx_word' id='word_1_235' title='bbox 542 2567 622 2637; x_wconf 83' lang='lat' dir='ltr'><strong>lud).</strong></span> <span class='ocrx_word' id='word_1_236' title='bbox 849 2584 957 2638; x_wconf 79' lang='lat' dir='ltr'><strong>rosas,</strong></span> <span class='ocrx_word' id='word_1_237' title='bbox 991 2571 1041 2626; x_wconf 88' lang='lat' dir='ltr'><strong>das</strong></span> <span class='ocrx_word' id='word_1_238' title='bbox 1073 2571 1224 2641; x_wconf 76' lang='lat' dir='ltr'><strong>eigantlich</strong></span> <span class='ocrx_word' id='word_1_239' title='bbox 1251 2595 1285 2616; x_wconf 86' lang='lat'><strong>==</strong></span> <span class='ocrx_word' id='word_1_240' title='bbox 1309 2570 1406 2640; x_wconf 81' lang='lat' dir='ltr'><strong>adelig</strong></span> 
     </span>
     <span class='ocr_line' id='line_1_28' title="bbox 275 2638 1091 2697; baseline 0 -1"><span class='ocrx_word' id='word_1_241' title='bbox 275 2655 383 2696; x_wconf 77' lang='lat' dir='ltr'><strong>corum</strong></span> <span class='ocrx_word' id='word_1_242' title='bbox 402 2639 453 2694; x_wconf 76' lang='lat' dir='ltr'><strong>‘an</strong></span> <span class='ocrx_word' id='word_1_243' title='bbox 472 2638 582 2694; x_wconf 89' lang='lat' dir='ltr'><strong>denen’.</strong></span> <span class='ocrx_word' id='word_1_244' title='bbox 850 2656 906 2697; x_wconf 90' lang='lat' dir='ltr'><strong>von</strong></span> <span class='ocrx_word' id='word_1_245' title='bbox 924 2639 1032 2696; x_wconf 81' lang='lat' dir='ltr'><strong>Geburt</strong></span> <span class='ocrx_word' id='word_1_246' title='bbox 1048 2640 1091 2696; x_wconf 93' lang='lat' dir='ltr'><strong>ist.</strong></span> 
     </span>
     <span class='ocr_line' id='line_1_29' title="bbox 275 2709 1405 2780; baseline 0.003 -15"><span class='ocrx_word' id='word_1_247' title='bbox 275 2726 337 2766; x_wconf 82' lang='lat' dir='ltr'><strong>msc</strong></span> <span class='ocrx_word' id='word_1_248' title='bbox 351 2711 525 2766; x_wconf 73' lang='lat' dir='ltr'><strong>coniuncti</strong></span> <span class='ocrx_word' id='word_1_249' title='bbox 538 2709 656 2766; x_wconf 85' lang='lat' dir='ltr'><strong>esse‘in</strong></span> <span class='ocrx_word' id='word_1_250' title='bbox 667 2725 796 2780; x_wconf 80' lang='lat' dir='ltr'><strong>angerem</strong></span> <span class='ocrx_word' id='word_1_251' title='bbox 885 2719 999 2768; x_wconf 84' lang='lat' dir='ltr'><strong>motam</strong></span> <span class='ocrx_word' id='word_1_252' title='bbox 1021 2713 1144 2769; x_wconf 80' lang='lat' dir='ltr'><strong>uoluat.</strong></span> <span class='ocrx_word' id='word_1_253' title='bbox 1182 2714 1218 2769; x_wconf 83' lang='lat' dir='ltr'><strong>So</strong></span> <span class='ocrx_word' id='word_1_254' title='bbox 1241 2713 1318 2768; x_wconf 86' lang='lat' dir='ltr'><strong>steht</strong></span> <span class='ocrx_word' id='word_1_255' title='bbox 1340 2713 1405 2768; x_wconf 84' lang='lat' dir='ltr'><strong>celle</strong></span> 
     </span>
     <span class='ocr_line' id='line_1_30' title="bbox 239 2780 1406 2855; baseline 0.003 -19"><span class='ocrx_word' id='word_1_256' title='bbox 239 2780 382 2837; x_wconf 81' lang='lat' dir='ltr'><strong>Verkehre</strong></span> <span class='ocrx_word' id='word_1_257' title='bbox 400 2781 519 2837; x_wconf 91' lang='lat' dir='ltr'><strong>stehen&#39;.</strong></span> <span class='ocrx_word' id='word_1_258' title='bbox 557 2781 619 2836; x_wconf 90' lang='lat' dir='ltr'><strong>Wie</strong></span> <span class='ocrx_word' id='word_1_259' title='bbox 638 2781 729 2836; x_wconf 82' lang='lat' dir='ltr'><strong>lactet</strong></span> <span class='ocrx_word' id='word_1_260' title='bbox 747 2780 797 2835; x_wconf 88' lang='lat' dir='ltr'><strong>dae</strong></span> <span class='ocrx_word' id='word_1_261' title='bbox 850 2781 946 2854; x_wconf 76' lang='lat' dir='ltr'><strong>btufig</strong></span> <span class='ocrx_word' id='word_1_262' title='bbox 981 2800 1036 2840; x_wconf 83' lang='lat' dir='ltr'><strong>von</strong></span> <span class='ocrx_word' id='word_1_263' title='bbox 1068 2784 1245 2855; x_wconf 85' lang='lat' dir='ltr'><strong>subjektiveu</strong></span> <span class='ocrx_word' id='word_1_264' title='bbox 1279 2784 1406 2853; x_wconf 82' lang='lat' dir='ltr'><strong>Bebaup·</strong></span> 
     </span>
     <span class='ocr_line' id='line_1_31' title="bbox 242 2852 1406 2926; baseline 0.002 -19"><span class='ocrx_word' id='word_1_265' title='bbox 242 2852 360 2923; x_wconf 81' lang='lat' dir='ltr'><strong>Subjekt</strong></span> <span class='ocrx_word' id='word_1_266' title='bbox 378 2871 411 2906; x_wconf 81' lang='lat' dir='ltr'><strong>zu</strong></span> <span class='ocrx_word' id='word_1_267' title='bbox 429 2853 588 2908; x_wconf 74' lang='lat' dir='ltr'><strong>coniuncti?</strong></span> <span class='ocrx_word' id='word_1_268' title='bbox 849 2855 964 2925; x_wconf 78' lang='lat' dir='ltr'><strong>tunger,</strong></span> <span class='ocrx_word' id='word_1_269' title='bbox 983 2855 1133 2910; x_wconf 79' lang='lat' dir='ltr'><strong>besondere</strong></span> <span class='ocrx_word' id='word_1_270' title='bbox 1153 2857 1202 2910; x_wconf 84' lang='lat' dir='ltr'><strong>der</strong></span> <span class='ocrx_word' id='word_1_271' title='bbox 1217 2855 1406 2926; x_wconf 85' lang='lat' dir='ltr'><strong>Philosophen</strong></span> 
     </span>
     <span class='ocr_line' id='line_1_32' title="bbox 276 2922 1404 2998; baseline 0.004 -21"><span class='ocrx_word' id='word_1_272' title='bbox 276 2928 430 2992; x_wconf 77' lang='lat' dir='ltr'><strong>poseant,</strong></span> <span class='ocrx_word' id='word_1_273' title='bbox 444 2922 654 2988; x_wconf 82' lang='lat' dir='ltr'><strong>derIndiketiv‚</strong></span> <span class='ocrx_word' id='word_1_274' title='bbox 668 2922 733 2978; x_wconf 81' lang='lat' dir='ltr'><strong>weil</strong></span> <span class='ocrx_word' id='word_1_275' title='bbox 747 2923 798 2976; x_wconf 86' lang='lat' dir='ltr'><strong>der</strong></span> <span class='ocrx_word' id='word_1_276' title='bbox 849 2923 879 2978; x_wconf 89' lang='lat' dir='ltr'><strong>in</strong></span> <span class='ocrx_word' id='word_1_277' title='bbox 897 2926 961 2978; x_wconf 86' lang='lat' dir='ltr'><strong>dem</strong></span> <span class='ocrx_word' id='word_1_278' title='bbox 982 2925 1066 2980; x_wconf 83' lang='lat' dir='ltr'><strong>Siune</strong></span> <span class='ocrx_word' id='word_1_279' title='bbox 1084 2943 1139 2983; x_wconf 90' lang='lat' dir='ltr'><strong>von</strong></span> <span class='ocrx_word' id='word_1_280' title='bbox 1159 2926 1352 2998; x_wconf 86' lang='lat' dir='ltr'><strong>‘bebeupten’.</strong></span> <span class='ocrx_word' id='word_1_281' title='bbox 1372 2957 1404 2966; x_wconf 89' lang='lat'>-</span> 
     </span>
     <span class='ocr_line' id='line_1_33' title="bbox 240 2990 1344 3066; baseline 0.002 -16"><span class='ocrx_word' id='word_1_282' title='bbox 240 2992 413 3050; x_wconf 83' lang='lat' dir='ltr'><strong>Relativsatz</strong></span> <span class='ocrx_word' id='word_1_283' title='bbox 439 2995 501 3048; x_wconf 88' lang='lat' dir='ltr'><strong>eine</strong></span> <span class='ocrx_word' id='word_1_284' title='bbox 527 2993 618 3049; x_wconf 86' lang='lat' dir='ltr'><strong>blosse</strong></span> <span class='ocrx_word' id='word_1_285' title='bbox 640 2990 797 3048; x_wconf 86' lang='lat' dir='ltr'><strong>Umechrei-</strong></span> <span class='ocrx_word' id='word_1_286' title='bbox 849 2993 886 3048; x_wconf 83' lang='lat' dir='ltr'><strong>Es</strong></span> <span class='ocrx_word' id='word_1_287' title='bbox 904 2995 978 3050; x_wconf 85' lang='lat' dir='ltr'><strong>fehlt</strong></span> <span class='ocrx_word' id='word_1_288' title='bbox 996 2996 1070 3051; x_wconf 84' lang='lat' dir='ltr'><strong>daun</strong></span> <span class='ocrx_word' id='word_1_289' title='bbox 1088 2998 1266 3066; x_wconf 81' lang='lat' dir='ltr'><strong>gewohnlioh</strong></span> <span class='ocrx_word' id='word_1_290' title='bbox 1284 3014 1344 3054; x_wconf 79' lang='lat' dir='ltr'><strong>csse.</strong></span> 
     </span>
     <span class='ocr_line' id='line_1_34' title="bbox 242 3062 1405 3136; baseline 0.005 -18"><span class='ocrx_word' id='word_1_291' title='bbox 242 3065 319 3132; x_wconf 81' lang='lat' dir='ltr'><strong>bung</strong></span> <span class='ocrx_word' id='word_1_292' title='bbox 345 3062 421 3118; x_wconf 78' lang='lat' dir='ltr'><strong>eines</strong></span> <span class='ocrx_word' id='word_1_293' title='bbox 445 3063 722 3133; x_wconf 81' lang='lat' dir='ltr'><strong>Substantivbegriffs</strong></span> <span class='ocrx_word' id='word_1_294' title='bbox 749 3065 795 3118; x_wconf 87' lang='lat' dir='ltr'><strong>ist.</strong></span> <span class='ocrx_word' id='word_1_295' title='bbox 884 3067 1066 3134; x_wconf 76' lang='lat' dir='ltr'><strong>minimam,</strong></span> <span class='ocrx_word' id='word_1_296' title='bbox 1081 3067 1235 3125; x_wconf 89' lang='lat' dir='ltr'><strong>deutliober</strong></span> <span class='ocrx_word' id='word_1_297' title='bbox 1249 3074 1309 3136; x_wconf 59' lang='grc' dir='ltr'><strong>μθ</strong></span> <span class='ocrx_word' id='word_1_298' title='bbox 1322 3071 1405 3124; x_wconf 79' lang='lat' dir='ltr'><strong>mimi-</strong></span> 
     </span>
     <span class='ocr_line' id='line_1_35' title="bbox 241 3132 1049 3204; baseline 0.007 -16"><span class='ocrx_word' id='word_1_299' title='bbox 241 3133 375 3204; x_wconf 79' lang='lat' dir='ltr'><strong>Dagegen</strong></span> <span class='ocrx_word' id='word_1_300' title='bbox 397 3134 448 3189; x_wconf 90' lang='lat' dir='ltr'><strong>bet</strong></span> <span class='ocrx_word' id='word_1_301' title='bbox 470 3134 529 3190; x_wconf 90' lang='lat' dir='ltr'><strong>sich</strong></span> <span class='ocrx_word' id='word_1_302' title='bbox 556 3134 604 3189; x_wconf 90' lang='lat' dir='ltr'><strong>der</strong></span> <span class='ocrx_word' id='word_1_303' title='bbox 622 3132 796 3204; x_wconf 82' lang='lat' dir='ltr'><strong>Konjunktiv</strong></span> <span class='ocrx_word' id='word_1_304' title='bbox 849 3152 922 3192; x_wconf 81' lang='lat' dir='ltr'><strong>mmm</strong></span> <span class='ocrx_word' id='word_1_305' title='bbox 938 3138 1049 3194; x_wconf 70' lang='lat' dir='ltr'><strong>cirtam.</strong></span> 
     </span>
     <span class='ocr_line' id='line_1_36' title="bbox 241 3207 796 3274; baseline -0.004 -14"><span class='ocrx_word' id='word_1_306' title='bbox 241 3207 421 3261; x_wconf 78' lang='lat' dir='ltr'><strong>videantur</strong></span> <span class='ocrx_word' id='word_1_307' title='bbox 456 3221 492 3259; x_wconf 86' lang='lat' dir='ltr'><strong>an</strong></span> <span class='ocrx_word' id='word_1_308' title='bbox 522 3209 681 3260; x_wconf 80' lang='lat' dir='ltr'><strong>moveamur</strong></span> <span class='ocrx_word' id='word_1_309' title='bbox 713 3220 796 3274; x_wconf 82' lang='lat' dir='ltr'><strong>ange-</strong></span> 
     </span>
    </p>
   </div>
   <div class='ocr_carea' id='block_1_15' title="bbox 242 3275 1406 3417">
    <p class='ocr_par' dir='ltr' id='par_1_15' title="bbox 242 3275 1406 3417">
     <span class='ocr_line' id='line_1_37' title="bbox 242 3275 1406 3417; baseline -0.015 -30"><span class='ocrx_word' id='word_1_310' title='bbox 242 3275 479 3417; x_wconf 56' lang='lat' dir='ltr'><strong>aciblqsgqum</strong></span> <span class='ocrx_word' id='word_1_311' title='bbox 513 3347 709 3416; x_wconf 57' lang='lat' dir='ltr'><strong>(mmmm)</strong></span> <span class='ocrx_word' id='word_1_312' title='bbox 743 3343 796 3398; x_wconf 55' lang='lat' dir='ltr'><strong>qn,</strong></span> <span class='ocrx_word' id='word_1_313' title='bbox 849 3317 874 3368; x_wconf 77' lang='lat'><strong>2.</strong></span> <span class='ocrx_word' id='word_1_314' title='bbox 896 3313 1406 3386; x_wconf 76' lang='lat' dir='ltr'><strong>Beweisausderilrfehrung,</strong></span> 
     </span>
    </p>
   </div>
   <div class='ocr_carea' id='block_1_16' title="bbox 241 3385 1407 4196">
    <p class='ocr_par' dir='ltr' id='par_1_16' title="bbox 241 3385 1407 4196">
     <span class='ocr_line' id='line_1_38' title="bbox 241 3385 1405 3488; baseline -0.003 -16"><span class='ocrx_word' id='word_1_315' title='bbox 241 3417 351 3472; x_wconf 87' lang='lat' dir='ltr'><strong>desseu’</strong></span> <span class='ocrx_word' id='word_1_316' title='bbox 372 3416 526 3488; x_wconf 79' lang='lat' dir='ltr'><strong>berichtigt</strong></span> <span class='ocrx_word' id='word_1_317' title='bbox 542 3417 586 3471; x_wconf 88' lang='lat' dir='ltr'><strong>die</strong></span> <span class='ocrx_word' id='word_1_318' title='bbox 600 3415 796 3486; x_wconf 82' lang='lat' dir='ltr'><strong>Behauptung,</strong></span> <span class='ocrx_word' id='word_1_319' title='bbox 849 3385 926 3440; x_wconf 57' lang='lat' dir='ltr'><strong>dm</strong></span> <span class='ocrx_word' id='word_1_320' title='bbox 953 3386 1008 3441; x_wconf 61' lang='lat' dir='ltr'><strong>die</strong></span> <span class='ocrx_word' id='word_1_321' title='bbox 1030 3387 1405 3476; x_wconf 57' lang='lat' dir='ltr'><strong>F¹P¹¹¹¹d⁸⁰h⁸st.²²i⁰lll</strong></span> 
     </span>
     <span class='ocr_line' id='line_1_39' title="bbox 243 3457 1406 3556; baseline -0.002 -14"><span class='ocrx_word' id='word_1_322' title='bbox 243 3486 304 3543; x_wconf 81' lang='lat' dir='ltr'><strong>dass</strong></span> <span class='ocrx_word' id='word_1_323' title='bbox 323 3486 368 3542; x_wconf 89' lang='lat' dir='ltr'><strong>die</strong></span> <span class='ocrx_word' id='word_1_324' title='bbox 387 3487 485 3554; x_wconf 88' lang='lat' dir='ltr'><strong>Liebe,</strong></span> <span class='ocrx_word' id='word_1_325' title='bbox 509 3487 554 3541; x_wconf 91' lang='lat' dir='ltr'><strong>die</strong></span> <span class='ocrx_word' id='word_1_326' title='bbox 577 3486 728 3556; x_wconf 80' lang='lat' dir='ltr'><strong>allerdings</strong></span> <span class='ocrx_word' id='word_1_327' title='bbox 748 3486 797 3540; x_wconf 89' lang='lat' dir='ltr'><strong>der</strong></span> <span class='ocrx_word' id='word_1_328' title='bbox 850 3473 909 3512; x_wconf 66' lang='lat'><strong>²¹²⁸</strong></span> <span class='ocrx_word' id='word_1_329' title='bbox 950 3457 1009 3540; x_wconf 59' lang='lat' dir='ltr'><strong>dir</strong></span> <span class='ocrx_word' id='word_1_330' title='bbox 1044 3457 1406 3540; x_wconf 52' lang='lat' dir='ltr'><strong>Hfilfsbfflfl‘fnsskm</strong></span> 
     </span>
     <span class='ocr_line' id='line_1_40' title="bbox 241 3529 1406 3629; baseline -0.004 -15"><span class='ocrx_word' id='word_1_331' title='bbox 241 3559 481 3629; x_wconf 77' lang='lat' dir='ltr'><strong>Ausgangspunlst</strong></span> <span class='ocrx_word' id='word_1_332' title='bbox 515 3558 565 3614; x_wconf 89' lang='lat' dir='ltr'><strong>der</strong></span> <span class='ocrx_word' id='word_1_333' title='bbox 595 3556 798 3612; x_wconf 80' lang='lat' dir='ltr'><strong>Freundschait</strong></span> <span class='ocrx_word' id='word_1_334' title='bbox 849 3531 1056 3612; x_wconf 59' lang='lat' dir='ltr'><strong>e=l²l⁸pr¹n3l·</strong></span> <span class='ocrx_word' id='word_1_335' title='bbox 1100 3529 1165 3584; x_wconf 61' lang='lat' dir='ltr'><strong>Der</strong></span> <span class='ocrx_word' id='word_1_336' title='bbox 1196 3530 1327 3586; x_wconf 58' lang='lat' dir='ltr'><strong>Nalm</strong></span> <span class='ocrx_word' id='word_1_337' title='bbox 1357 3531 1406 3609; x_wconf 63' lang='lat' dir='ltr'><strong>²lt</strong></span> 
     </span>
     <span class='ocr_line' id='line_1_41' title="bbox 243 3598 1404 3700; baseline -0.002 -45"><span class='ocrx_word' id='word_1_338' title='bbox 243 3631 283 3686; x_wconf 53' lang='lat' dir='ltr'><strong>ist</strong></span> <span class='ocrx_word' id='word_1_339' title='bbox 308 3631 353 3686; x_wconf 54' lang='lat' dir='ltr'><strong>fu,</strong></span> <span class='ocrx_word' id='word_1_340' title='bbox 371 3630 416 3685; x_wconf 65' lang='lat' dir='ltr'><strong>die</strong></span> <span class='ocrx_word' id='word_1_341' title='bbox 434 3630 478 3683; x_wconf 39' lang='lat' dir='ltr'><strong>Fr.</strong></span> <span class='ocrx_word' id='word_1_342' title='bbox 497 3633 614 3700; x_wconf 41' lang='lat' dir='ltr'><strong>genfige,</strong></span> <span class='ocrx_word' id='word_1_343' title='bbox 851 3598 949 3654; x_wconf 79' lang='lat' dir='ltr'><strong>nicht</strong></span> <span class='ocrx_word' id='word_1_344' title='bbox 967 3599 1026 3654; x_wconf 88' lang='lat' dir='ltr'><strong>der</strong></span> <span class='ocrx_word' id='word_1_345' title='bbox 1040 3601 1165 3662; x_wconf 76' lang='lat' dir='ltr'><strong>crunt.</strong></span> <span class='ocrx_word' id='word_1_346' title='bbox 1185 3601 1332 3657; x_wconf 84' lang='lat' dir='ltr'><strong>sondern</strong></span> <span class='ocrx_word' id='word_1_347' title='bbox 1350 3600 1404 3654; x_wconf 84' lang='lat' dir='ltr'><strong>dre</strong></span> 
     </span>
     <span class='ocr_line' id='line_1_42' title="bbox 277 3669 1404 3770; baseline -0.005 -40"><span class='ocrx_word' id='word_1_348' title='bbox 277 3673 389 3757; x_wconf 49' lang='lat' dir='ltr'><em>{tudio</em></span> <span class='ocrx_word' id='word_1_349' title='bbox 409 3701 596 3770; x_wconf 70' lang='lat' dir='ltr'><strong>‘perfldnllche</strong></span> <span class='ocrx_word' id='word_1_350' title='bbox 610 3699 753 3770; x_wconf 64' lang='lat' dir='ltr'>Zuneigun</span> <span class='ocrx_word' id='word_1_351' title='bbox 777 3699 796 3736; x_wconf 74' lang='lat' dir='ltr'><strong>a,</strong></span> <span class='ocrx_word' id='word_1_352' title='bbox 850 3669 1404 3741; x_wconf 67' lang='lat' dir='ltr'><strong>FolgederFreundflchafb-§B2</strong></span> 
     </span>
     <span class='ocr_line' id='line_1_43' title="bbox 243 3717 1405 3851; baseline -0.006 -22"><span class='ocrx_word' id='word_1_353' title='bbox 243 3773 485 3829; x_wconf 76' lang='lat' dir='ltr'><strong>consuetudine</strong></span> <span class='ocrx_word' id='word_1_354' title='bbox 517 3770 713 3826; x_wconf 80' lang='lat' dir='ltr'><strong>‘Gewobnheit</strong></span> <span class='ocrx_word' id='word_1_355' title='bbox 748 3717 797 3824; x_wconf 69' lang='lat' dir='ltr'><strong>dei</strong></span> <span class='ocrx_word' id='word_1_356' title='bbox 853 3839 860 3851; x_wconf 40' lang='lat'><strong>·</strong></span> <span class='ocrx_word' id='word_1_357' title='bbox 887 3768 967 3836; x_wconf 65' lang='lat'><strong>530.</strong></span> <span class='ocrx_word' id='word_1_358' title='bbox 999 3767 1039 3824; x_wconf 87' lang='lat' dir='ltr'><strong>Ut</strong></span> <span class='ocrx_word' id='word_1_359' title='bbox 1055 3769 1194 3839; x_wconf 75' lang='lat' dir='ltr'><strong>quiaque</strong></span> <span class='ocrx_word' id='word_1_360' title='bbox 1213 3767 1251 3838; x_wconf 82' lang='lat' dir='ltr'><strong>‘je</strong></span> <span class='ocrx_word' id='word_1_361' title='bbox 1269 3768 1405 3824; x_wconf 88' lang='lat' dir='ltr'><strong>nacbdem</strong></span> 
     </span>
     <span class='ocr_line' id='line_1_44' title="bbox 242 3840 983 3914; baseline -0.008 -15"><span class='ocrx_word' id='word_1_362' title='bbox 242 3844 408 3914; x_wconf 80' lang='lat' dir='ltr'><strong>Umgangs&#39;.</strong></span> <span class='ocrx_word' id='word_1_363' title='bbox 848 3840 983 3910; x_wconf 83' lang='lat' dir='ltr'><strong>Jemand&#39;.</strong></span> 
     </span>
     <span class='ocr_line' id='line_1_45' title="bbox 277 3909 1399 3985; baseline -0.004 -16"><span class='ocrx_word' id='word_1_364' title='bbox 277 3917 398 3985; x_wconf 79' lang='lat' dir='ltr'><strong>quibas</strong></span> <span class='ocrx_word' id='word_1_365' title='bbox 415 3915 513 3970; x_wconf 81' lang='lat' dir='ltr'><strong>rebem</strong></span> <span class='ocrx_word' id='word_1_366' title='bbox 531 3913 558 3968; x_wconf 83' lang='lat' dir='ltr'><strong>ff.</strong></span> <span class='ocrx_word' id='word_1_367' title='bbox 580 3913 670 3968; x_wconf 79' lang='lat' dir='ltr'><strong>‘wenn</strong></span> <span class='ocrx_word' id='word_1_368' title='bbox 689 3912 748 3967; x_wconf 83' lang='lat' dir='ltr'><strong>dies</strong></span> <span class='ocrx_word' id='word_1_369' title='bbox 763 3942 797 3952; x_wconf 93' lang='lat'><em>-</em></span> <span class='ocrx_word' id='word_1_370' title='bbox 886 3913 1035 3967; x_wconf 79' lang='lat' dir='ltr'><strong>mamitus</strong></span> <span class='ocrx_word' id='word_1_371' title='bbox 1062 3916 1108 3966; x_wconf 82' lang='lat' dir='ltr'><strong>est</strong></span> <span class='ocrx_word' id='word_1_372' title='bbox 1142 3910 1321 3980; x_wconf 82' lang='lat' dir='ltr'><strong>‘gewappnet</strong></span> <span class='ocrx_word' id='word_1_373' title='bbox 1350 3909 1399 3964; x_wconf 88' lang='lat' dir='ltr'><strong>ist’</strong></span> 
     </span>
     <span class='ocr_line' id='line_1_46' title="bbox 243 3971 1402 4051; baseline -0.003 -13"><span class='ocrx_word' id='word_1_374' title='bbox 243 3983 412 4042; x_wconf 85' lang='lat' dir='ltr'><strong>hinzutritt’.</strong></span> <span class='ocrx_word' id='word_1_375' title='bbox 850 3998 940 4051; x_wconf 79' lang='lat' dir='ltr'><strong>gagen</strong></span> <span class='ocrx_word' id='word_1_376' title='bbox 959 3982 1003 4037; x_wconf 92' lang='lat' dir='ltr'><strong>die</strong></span> <span class='ocrx_word' id='word_1_377' title='bbox 1022 3983 1075 4037; x_wconf 87' lang='lat' dir='ltr'><strong>tela</strong></span> <span class='ocrx_word' id='word_1_378' title='bbox 1092 3982 1228 4049; x_wconf 78' lang='lat' dir='ltr'><strong>fortmma</strong></span> <span class='ocrx_word' id='word_1_379' title='bbox 1263 3971 1339 4036; x_wconf 77' lang='lat' dir='ltr'><strong>ther</strong></span> <span class='ocrx_word' id='word_1_380' title='bbox 1357 3979 1402 4035; x_wconf 88' lang='lat' dir='ltr'><strong>die</strong></span> 
     </span>
     <span class='ocr_line' id='line_1_47' title="bbox 279 4048 1136 4126; baseline -0.005 -16"><span class='ocrx_word' id='word_1_381' title='bbox 279 4063 397 4112; x_wconf 79' lang='lat' dir='ltr'><strong>motam</strong></span> <span class='ocrx_word' id='word_1_382' title='bbox 416 4057 521 4111; x_wconf 78' lang='lat' dir='ltr'><strong>animi</strong></span> <span class='ocrx_word' id='word_1_383' title='bbox 539 4081 573 4102; x_wconf 85' lang='lat'><em>=</em></span> <span class='ocrx_word' id='word_1_384' title='bbox 587 4055 799 4126; x_wconf 76' lang='lat' dir='ltr'><strong>applicationem</strong></span> <span class='ocrx_word' id='word_1_385' title='bbox 851 4048 1008 4123; x_wconf 75' lang='grc' dir='ltr'><strong><em>αὐτάρκεια</em></strong></span> <span class='ocrx_word' id='word_1_386' title='bbox 1026 4072 1060 4107; x_wconf 87' lang='lat' dir='ltr'><strong>zu</strong></span> <span class='ocrx_word' id='word_1_387' title='bbox 1078 4057 1093 4119; x_wconf 65' lang='grc' dir='ltr'>θ</span> <span class='ocrx_word' id='word_1_388' title='bbox 1113 4059 1136 4108; x_wconf 81' lang='grc'><strong>7.</strong></span> 
     </span>
     <span class='ocr_line' id='line_1_48' title="bbox 244 4121 1407 4196; baseline -0.003 -15"><span class='ocrx_word' id='word_1_389' title='bbox 244 4128 332 4181; x_wconf 78' lang='lat' dir='ltr'><strong>cmims&#39;</strong></span> <span class='ocrx_word' id='word_1_390' title='bbox 360 4129 386 4196; x_wconf 78' lang='lat'><strong>(§</strong></span> <span class='ocrx_word' id='word_1_391' title='bbox 405 4127 464 4196; x_wconf 75' lang='lat'><strong>27);</strong></span> <span class='ocrx_word' id='word_1_392' title='bbox 492 4127 615 4182; x_wconf 78' lang='lat' dir='ltr'><strong>amorio</strong></span> <span class='ocrx_word' id='word_1_393' title='bbox 641 4125 711 4179; x_wconf 83' lang='lat' dir='ltr'><strong>wird</strong></span> <span class='ocrx_word' id='word_1_394' title='bbox 738 4125 798 4180; x_wconf 92' lang='lat' dir='ltr'><strong>hin·</strong></span> <span class='ocrx_word' id='word_1_395' title='bbox 886 4125 981 4180; x_wconf 81' lang='lat' dir='ltr'><strong>mullo</strong></span> <span class='ocrx_word' id='word_1_396' title='bbox 1017 4124 1072 4181; x_wconf 88' lang='lat' dir='ltr'><strong>und</strong></span> <span class='ocrx_word' id='word_1_397' title='bbox 1110 4123 1215 4177; x_wconf 81' lang='lat' dir='ltr'><strong>mallius</strong></span> <span class='ocrx_word' id='word_1_398' title='bbox 1253 4121 1407 4192; x_wconf 81' lang='lat' dir='ltr'><strong>gebreuoht</strong></span> 
     </span>
    </p>
   </div>
   <div class='ocr_carea' id='block_1_17' title="bbox 155 4191 1407 4266">
    <p class='ocr_par' dir='ltr' id='par_1_17' title="bbox 155 4191 1407 4266">
     <span class='ocr_line' id='line_1_49' title="bbox 155 4191 1407 4266; baseline -0.005 -16"><span class='ocrx_word' id='word_1_399' title='bbox 155 4215 162 4224; x_wconf 84' lang='lat'>·</span> <span class='ocrx_word' id='word_1_400' title='bbox 243 4197 383 4266; x_wconf 78' lang='lat' dir='ltr'><strong>nugetugt,</strong></span> <span class='ocrx_word' id='word_1_401' title='bbox 403 4196 524 4252; x_wconf 83' lang='lat' dir='ltr'><strong>weildic</strong></span> <span class='ocrx_word' id='word_1_402' title='bbox 538 4196 623 4252; x_wconf 86' lang='lat' dir='ltr'><strong>Liebe</strong></span> <span class='ocrx_word' id='word_1_403' title='bbox 637 4196 691 4250; x_wconf 89' lang='lat' dir='ltr'><strong>den</strong></span> <span class='ocrx_word' id='word_1_404' title='bbox 706 4198 797 4251; x_wconf 87' lang='lat' dir='ltr'><strong>ersten</strong></span> <span class='ocrx_word' id='word_1_405' title='bbox 852 4192 948 4250; x_wconf 83' lang='lat' dir='ltr'><strong>Cicero</strong></span> <span class='ocrx_word' id='word_1_406' title='bbox 981 4196 1052 4248; x_wconf 86' lang='lat' dir='ltr'><strong>statt</strong></span> <span class='ocrx_word' id='word_1_407' title='bbox 1088 4191 1137 4247; x_wconf 89' lang='lat' dir='ltr'><strong>dar</strong></span> <span class='ocrx_word' id='word_1_408' title='bbox 1168 4192 1407 4261; x_wconf 87' lang='lat' dir='ltr'><strong>entsprecbendeu</strong></span> 
     </span>
    </p>
   </div>
   <div class='ocr_carea' id='block_1_18' title="bbox 243 4263 1405 4478">
    <p class='ocr_par' dir='ltr' id='par_1_18' title="bbox 243 4263 1405 4478">
     <span class='ocr_line' id='line_1_50' title="bbox 243 4263 1116 4338; baseline -0.001 -18"><span class='ocrx_word' id='word_1_409' title='bbox 243 4267 349 4337; x_wconf 89' lang='lat' dir='ltr'><strong>Impuls</strong></span> <span class='ocrx_word' id='word_1_410' title='bbox 368 4285 415 4321; x_wconf 85' lang='lat' dir='ltr'><strong>zur</strong></span> <span class='ocrx_word' id='word_1_411' title='bbox 428 4267 581 4338; x_wconf 81' lang='lat' dir='ltr'><strong>Knttpiung</strong></span> <span class='ocrx_word' id='word_1_412' title='bbox 599 4266 648 4322; x_wconf 85' lang='lat' dir='ltr'><strong>der</strong></span> <span class='ocrx_word' id='word_1_413' title='bbox 660 4268 705 4323; x_wconf 80' lang='lat' dir='ltr'><strong>Fr.</strong></span> <span class='ocrx_word' id='word_1_414' title='bbox 719 4264 799 4335; x_wconf 81' lang='lat' dir='ltr'><strong>giebt</strong></span> <span class='ocrx_word' id='word_1_415' title='bbox 851 4263 940 4320; x_wconf 78' lang='lat' dir='ltr'><strong>Kaous</strong></span> <span class='ocrx_word' id='word_1_416' title='bbox 959 4282 1014 4320; x_wconf 86' lang='lat' dir='ltr'><strong>von</strong></span> <span class='ocrx_word' id='word_1_417' title='bbox 1032 4279 1116 4319; x_wconf 79' lang='lat' dir='ltr'><strong>memo.</strong></span> 
     </span>
     <span class='ocr_line' id='line_1_51' title="bbox 244 4320 1386 4405; baseline -0.004 -13"><span class='ocrx_word' id='word_1_418' title='bbox 244 4338 270 4405; x_wconf 70' lang='lat'><strong>(5</strong></span> <span class='ocrx_word' id='word_1_419' title='bbox 288 4341 341 4404; x_wconf 77' lang='grc'>26).</span> <span class='ocrx_word' id='word_1_420' title='bbox 886 4352 1019 4405; x_wconf 76' lang='lat' dir='ltr'><strong>emaque.</strong></span> <span class='ocrx_word' id='word_1_421' title='bbox 1048 4320 1123 4388; x_wconf 77' lang='lat' dir='ltr'><strong>Uber</strong></span> <span class='ocrx_word' id='word_1_422' title='bbox 1140 4348 1201 4403; x_wconf 80' lang='lat' dir='ltr'><strong>qma</strong></span> <span class='ocrx_word' id='word_1_423' title='bbox 1219 4351 1253 4402; x_wconf 75' lang='lat' dir='ltr'><strong>nu</strong></span> <span class='ocrx_word' id='word_1_424' title='bbox 1272 4338 1335 4398; x_wconf 72' lang='lat'><strong>§26</strong></span> <span class='ocrx_word' id='word_1_425' title='bbox 1354 4338 1386 4388; x_wconf 80' lang='lat' dir='ltr'><strong>ec.</strong></span> 
     </span>
     <span class='ocr_line' id='line_1_52' title="bbox 279 4402 1405 4478; baseline -0.004 -16"><span class='ocrx_word' id='word_1_426' title='bbox 279 4408 502 4478; x_wconf 82' lang='lat' dir='ltr'><strong>quaedam,su</strong></span> <span class='ocrx_word' id='word_1_427' title='bbox 520 4412 535 4472; x_wconf 78' lang='lat'><strong>§</strong></span> <span class='ocrx_word' id='word_1_428' title='bbox 555 4414 579 4462; x_wconf 86' lang='lat'><strong>6.</strong></span> <span class='ocrx_word' id='word_1_429' title='bbox 889 4406 975 4475; x_wconf 75' lang='lat' dir='ltr'><strong>Quid</strong></span> <span class='ocrx_word' id='word_1_430' title='bbox 1002 4402 1106 4459; x_wconf 81' lang='lat' dir='ltr'><strong>emim?</strong></span> <span class='ocrx_word' id='word_1_431' title='bbox 1135 4402 1227 4458; x_wconf 77' lang='lat' dir='ltr'><strong>‘wiet’</strong></span> <span class='ocrx_word' id='word_1_432' title='bbox 1257 4403 1405 4473; x_wconf 77' lang='lat' dir='ltr'><strong>begrtin-</strong></span> 
     </span>
    </p>
   </div>
   <div class='ocr_carea' id='block_1_19' title="bbox 0 0 1547 4968">
    <p class='ocr_par' dir='ltr' id='par_1_19' title="bbox 0 0 1547 4968">
     <span class='ocr_line' id='line_1_53' title="bbox 0 0 1547 4968; baseline 0 0"><span class='ocrx_word' id='word_1_433' title='bbox 0 0 1547 4968; x_wconf 95' lang='lat' dir='ltr'><strong> </strong></span> 
     </span>
    </p>
   </div>
  </div>
 </body>
</html>
