3080 4968
225 248 269 315 60
607 248 762 305 LAELIUS
780 249 829 306 DE
848 249 1015 305 AMICITIA

224 435 284 480 neo
307 434 358 496 ea,
381 435 464 498 quae
488 413 528 479 ab
559 435 597 479 ea
620 435 803 497 monemur,
826 413 982 478 audimus.
1026 411 1090 477 Est
1118 413 1203 478 enim
1231 411 1342 478 verius
1367 417 1400 478 et

225 502 397 586 multiplex
420 524 498 568 usus
522 503 693 588 amicitiae,
716 504 899 589 multaeque
919 523 1034 568 causae
1059 501 1279 585 suspicionum
1299 502 1399 568 offen-

227 593 416 677 sionumque
446 592 576 676 dantur,
599 614 680 678 quae
703 597 773 657 tum
803 592 937 675 evitare,
959 595 1030 656 tum
1054 591 1191 672 elevare,
1215 594 1285 655 tum
1314 591 1399 656 ferre

227 680 384 764 sapientis
408 684 467 747 est.
510 679 585 746 Una
608 681 667 746 illa
691 680 889 747 sublevanda
912 681 1047 746 offensio
1072 683 1134 763 est,
1157 684 1194 744 ut
1217 687 1250 744 et
1272 680 1399 746 utilitas

227 770 262 835 in
285 769 428 835 amicitia
454 774 489 835 et
511 769 591 835 fides
618 770 809 851 retineatnr3
837 792 914 835 nam
938 774 970 835 et
997 768 1148 834 monendi
1180 768 1275 834 amici
1304 791 1400 854 saepe

229 863 305 924 sunt
328 861 360 924 et
387 858 594 943 obiurgandi,
624 863 656 924 et
683 859 763 924 haec
791 858 980 945 accipienda
1003 858 1118 943 amice,
1142 879 1214 923 cum
1241 859 1399 924 benevole

227 947 317 1014 fiunt.
364 946 423 1016 89.
456 947 520 1013 Sed
549 948 658 1013 nescio
683 969 747 1033 quo
771 949 867 1014 modo
889 969 1000 1015 verum
1024 951 1088 1032 est,
1111 947 1196 1032 quod
1220 947 1254 1012 in
1276 947 1401 1013 Andria

225 1036 397 1103 familiaris
422 1059 512 1102 mens
533 1037 625 1102 dioitt

388 1124 598 1209 Obseqium
622 1126 781 1210 amicos,
804 1126 951 1192 veritas
976 1125 1103 1191 odium
1126 1125 1239 1209 parit.

227 1213 369 1280 Molesta
387 1215 516 1298 veritas,
540 1215 699 1300 siquidem
718 1237 756 1280 ex
776 1239 814 1282 ea
831 1216 976 1280 nascitur
994 1214 1112 1299 odium,
1133 1213 1218 1299 quod
1238 1217 1289 1278 est
1308 1235 1399 1279 vene·

227 1326 306 1369 num
330 1304 500 1387 amicitiae,
523 1302 579 1368 sed
603 1304 794 1389 obsequium
816 1304 922 1369 multo
945 1304 1125 1382 molestius,
1149 1303 1234 1388 quod
1257 1305 1400 1386 peccatis

228 1392 400 1477 indulgens
419 1393 631 1476 praecipitem
650 1394 791 1459 amioum
804 1393 883 1458 ferri
902 1393 994 1477 sinit3
1013 1414 1164 1458 maxume
1183 1395 1292 1457 autem
1307 1393 1402 1476 culpa

229 1482 263 1546 in
288 1503 336 1564 eo,
359 1482 466 1568 quiet
489 1480 660 1548 veritatem
679 1487 872 1566 aspernatur
895 1487 928 1547 et
950 1484 990 1564 iq
1003 1481 1149 1547 fraudem
1174 1482 1330 1567 obsequio
1354 1483 1402 1547 in·

228 1569 371 1654 pellitur.
417 1569 514 1635 Omni
542 1571 644 1657 igitur
670 1571 732 1637 hae
759 1571 791 1636 in
820 1593 855 1636 re
882 1571 1033 1637 habenda
1050 1570 1145 1636 ratio
1169 1575 1201 1634 et
1231 1570 1403 1655 diligentia

229 1659 455 1743 est,primun1
477 1663 516 1724 ut
538 1661 676 1727 monitio
701 1661 891 1744 acerbitate,
916 1660 1030 1725 deinde
1053 1665 1090 1725 ut
1119 1659 1305 1745 obiurgatio
1330 1681 1404 1725 oon-

228 1749 364 1813 tumelia
386 1753 509 1833 oereat3
534 1750 568 1815 in
591 1749 747 1835 obsequio
769 1752 886 1832 autem,
910 1749 1063 1834 quoniam
1083 1748 1281 1813 Terentiano
1303 1749 1403 1815 verbo

227 1836 380 1902 lubenter
401 1839 537 1922 utimur,
559 1840 710 1904 nimirum
734 1839 869 1904 comitas
897 1839 996 1923 adsit,
1020 1837 1219 1922 adsentatio,
1246 1838 1402 1903 vitiorum

229 1925 382 2008 adiutrix,
416 1928 528 2010 procul
560 1932 763 2010 amoveatur,
796 1949 877 2012 quae
906 1948 973 1993 non
1004 1927 1100 1992 modo
1133 1926 1251 2008 amico,
1280 1927 1334 1991 sed
1363 1949 1404 1991 ne

228 2015 331 2081 libero
356 2016 485 2098 quidem
509 2016 607 2101 digna
630 2021 695 2101 est,
719 2017 816 2082 aliter
839 2017 925 2082 enim
948 2039 1021 2082 oum
1044 2021 1196 2100 tyranno,
1219 2016 1313 2080 aliter
1333 2038 1405 2082 oum

231 2105 333 2168 amieo
357 2105 489 2170 vivitur.
533 2103 592 2170 90.
627 2104 725 2172 Cuius
749 2109 857 2171 autem
886 2128 981 2171 aures
1005 2105 1133 2170 clausae
1162 2105 1296 2170 veritati
1320 2108 1406 2188 sunt,

229 2194 267 2255 ut
287 2192 327 2256 ab
347 2193 450 2257 amieo
474 2215 586 2258 verum
605 2195 716 2259 audire
735 2198 883 2281 nequeat,
905 2194 1001 2260 huius
1021 2195 1109 2260 salus
1129 2193 1329 2277 desperanda
1347 2199 1404 2260 est.

232 2278 354 2346 Scitum
373 2284 423 2346 est
441 2281 527 2346 enim
545 2281 626 2347 illud
645 2281 790 2365 Catonis,
809 2288 846 2349 ut
863 2284 980 2349 multa:
1006 2283 1159 2348 ‘melius
1178 2282 1222 2347 de
1241 2283 1404 2367 quibus·
1522 2289 1523 2308 ¹

847 2510 1019 2566 schleohtem
1038 2511 1119 2579 Sion,
1138 2510 1236 2566 weiter
1258 2513 1344 2566 unten
1363 2514 1406 2579 (ia

845 2583 1038 2666 obsequiale·
1055 2581 1249 2666 (tofelligkeit
1301 2652 1307 2664 ,
1378 2653 1384 2664 ·

847 2653 1362 2780 ιιιιιιιιιιιιιιι,ιιι88
1376 2671 1406 2708 ¹¹²

266 2524 303 2563 ea
330 2525 464 2578 qaae-
483 2526 662 2580 monemur,
692 2512 732 2566 im
757 2511 791 2566 D.

232 2579 410 2635 Substantiv:
423 2581 494 2636 ‘ihre
501 2580 704 2652 Mahnungen',
713 2587 792 2638 nam-

231 2650 451 2778 iiiindisiedie
469 2652 673 2708 Frenndsohatt
694 2658 792 2710 unent·

266 2810 348 2849 aeae
362 2795 538 2851 amicitiae
548 2794 791 2852 ‘Verlrehrin-’.

231 2865 296 2935 Vgl.
316 2871 331 2932 5
351 2870 384 2921 86
402 2868 444 2921 rei
462 2897 495 2906 -
514 2868 631 2922 inaura.

267 2937 790 3008 multaeqae‘undinfolgedessen—’.

275 3006 349 3061 Una
367 3009 431 3062 illa
448 3007 476 3063 fi.
493 3009 575 3078 ‘ganz
589 3010 740 3066 besonders
753 3010 792 3065 ist

232 3076 364 3145 folgende
391 3077 443 3133 Art
470 3079 519 3134 des
547 3081 608 3144 -';
640 3081 691 3136 alta
722 3080 793 3135 wind

232 3147 321 3203 durch
343 3165 409 3203 acm
431 3149 459 3204 ff.
481 3150 569 3206 nther
594 3151 712 3206 erhltrt:
741 3151 793 3206 wir

234 3218 323 3274 sollen
355 3219 480 3274 numlioh
511 3220 551 3275 im
582 3223 705 3277 Warnen
734 3223 791 3277 und

233 3287 794 3363 Tadeln,wozuderaufriohtigeFreund

233 3359 293 3414 sioh
317 3359 403 3416 efters
426 3363 580 3418 veranlalst
604 3363 692 3431 sieht,
714 3364 793 3420 nicht

233 3449 266 3485 zu
281 3431 378 3487 scharf
387 3433 545 3503 ventabren,
563 3435 733 3490 andrerseIts
747 3436 793 3506 (et)

233 3502 307 3559 rnul's
334 3502 384 3558 der
411 3503 521 3559 Freund
554 3506 694 3576 derartige
723 3505 793 3563 Vor-

233 3573 394 3645 stellungen
409 3575 494 3645 (baec,
507 3594 541 3631 zu
556 3582 598 3643 §t
611 3577 671 3647 boc)
680 3575 792 3633 freund·

232 3645 290 3702 lioh
308 3646 487 3703 hinnehmen.

269 3723 298 3774 et
316 3734 396 3774 moa.
411 3749 445 3758 —
463 3724 494 3775 et
510 3721 640 3791 obtura.
659 3724 689 3775 et
706 3720 792 3775 baca.

235 3787 292 3845 Das
326 3792 398 3845 erate
427 3795 453 3846 et
483 3789 710 3862 horrespondiert
740 3790 794 3846 mit

233 3860 298 3916 dem
316 3859 431 3916 dritten.

271 3995 362 4066 589.
398 3996 534 4051 Andria
562 3996 623 4050 ‘das
655 3994 795 4050 Mtdohen

233 4081 290 4119 von
312 4066 444 4133 Andros’,
468 4067 514 4122 die
542 4069 614 4122 erste
643 4066 693 4121 der
716 4068 795 4123 seohs

234 4135 392 4192 Komodien
421 4138 469 4192 des
496 4136 527 4191 P.
552 4139 701 4193 Terentius
727 4138 795 4194 Ater

235 4209 297 4270 (aas
325 4205 470 4278 Karthago
499 4213 639 4264 leo-159
664 4227 690 4264 v.
711 4207 795 4277 Cha).

234 4274 309 4341 iiber
323 4287 383 4342 sein
396 4287 557 4344 Verhitltnis
576 4305 610 4343 zu
625 4288 719 4359 Scipio
737 4290 795 4344 und

233 4357 329 4412 Lblins
348 4374 369 4412 ι.
388 4357 462 4415 Einl.
481 4366 506 4414 3.

271 4429 465 4498 obsequium
485 4429 745 4500 ‘Nachgiebigheit’
765 4429 796 4484 in

881 2797 1042 2862 fraudem.
1078 2794 1136 2851 Dae
1162 2797 1245 2851 Wort
1271 2795 1405 2850 bedentet

845 2867 925 2922 nieht
947 2865 1019 2922 blols
1041 2865 1160 2936 Betrug,
1189 2866 1311 2922 eundern
1335 2869 1406 2922 auch

845 2938 901 2993 den
910 2937 996 2992 durch
1011 2937 1066 2992 den
1076 2939 1181 3007 Betrng
1194 2939 1407 3007 angeriohteten

846 3008 1005 3063 Sohaden
1025 3008 1093 3064 oder
1110 3008 1282 3066 Nachteil.

880 3080 1033 3134 habenda
1044 3082 1136 3136 ratio
1150 3081 1285 3150 etditc'y.
1296 3078 1410 3136 ‘darauf

845 3150 999 3206 Rdeksioht
1013 3151 1133 3206 nehmon
1147 3151 1204 3206 und
1219 3151 1272 3205 mit
1281 3150 1407 3222 Sorgfalt

845 3219 949 3275 darauf
954 3220 1078 3290 aohten’,
1092 3221 1266 3278 einleIchtes
1275 3223 1406 3292 Zeugma,

847 3292 883 3348 da
905 3309 971 3347 man
995 3310 1049 3346 nar
1072 3293 1209 3349 adbibere
1235 3294 1408 3364 dattyeatiam

847 3367 919 3433 sagt

882 3451 947 3490 aaa
959 3436 1053 3490 modo
1074 3434 1130 3490 ‘ioh
1145 3435 1204 3490 will
1217 3435 1299 3492 nicht
1312 3452 1408 3508 sagea,

845 3505 926 3561 nicht
944 3507 1038 3562 etwa’.

883 3578 991 3633 libero
1009 3577 1239 3633 substantivisch.

883 3666 954 3705 cam
967 3654 1129 3721 tyrcano,
1146 3648 1193 3703 bei
1207 3649 1342 3704 welchem
1362 3649 1408 3704 dle

847 3722 995 3776 assentatio
1022 3735 1078 3775 von
1104 3719 1199 3776 Seiten
1231 3721 1280 3776 der
1307 3720 1408 3776 Unter·

846 3792 953 3847 thanen
973 3791 1124 3847 erkltrlich
1141 3791 1187 3848 ist.

884 3862 901 3934 fl
920 3863 969 3919 90.
999 3861 1264 3918 Ouiae-tuias.
1283 3861 1408 3918 Beaohte

848 3932 893 3988 die
921 3933 961 3988 im
989 3933 1186 3989 Lateinischen
1213 3933 1409 4003 geathnliehe

847 4003 1067 4075 Voranstellung
1085 4006 1133 4060 des
1150 4004 1289 4060 relativen
1304 4004 1408 4061 Satzes.

883 4076 973 4132 ittae
998 4073 1151 4144 Catonis,
1179 4095 1213 4130 an
1236 4081 1305 4142 §26
1329 4077 1408 4132 allud.

884 4151 919 4202 at
942 4148 1048 4202 multa
1072 4147 1136 4202 ‘wie
1159 4145 1232 4202 viole
1261 4147 1408 4204 andere’.

849 4215 933 4273 Oetes
965 4220 1041 4274 dicta
1072 4221 1116 4286 (zu
1143 4224 1158 4284 ξ
1184 4221 1209 4286 1)
1244 4218 1312 4273 oder
1339 4213 1409 4274 oino-

849 4287 1003 4359 φθέγματα
1011 4289 1126 4344 wanden
1134 4290 1412 4360 spatergeeammelt,

850 4358 902 4414 wie
920 4360 994 4414 auch
1009 4358 1077 4415 Cato
1097 4360 1184 4414 selbot
1202 4359 1249 4415 die
1268 4362 1344 4417 diota
1362 4377 1411 4416 an·

850 4430 929 4485 dener
947 4429 1113 4500 gesammelt
1132 4431 1220 4484 hatte.
