3080 4968
501 252 578 308 CAP.
593 251 781 309 XXI-XXII.
814 258 958 320 §rs-85.
1270 255 1314 320 57

141 441 224 503 mus,
245 411 413 484 stabilitas
433 416 594 482 amicitiae
614 417 798 483 confirmari
821 421 939 501 potest,
962 439 1035 484 cum
1053 417 1202 484 homines
1220 417 1315 484 bene·

141 507 287 574 volentia
310 507 472 572 coniuncti
495 506 636 590 primum
660 506 893 589 cupiditatibus
916 507 968 590 iis,
991 507 1107 590 quibus
1127 507 1227 572 ceteri
1250 529 1314 573 ser·

139 597 247 680 viunt,
283 596 504 680 imperabunt,
540 594 655 659 deinde
692 595 856 681 aequitate
893 596 1081 679 iustitiaque
1119 595 1317 682 gaudebunt,

143 686 316 770 omniaque
340 685 423 750 alter
444 705 503 767 pro
528 684 629 750 altero
654 682 820 769 suscipiet,
842 705 946 769 neque
964 685 1138 770 quicquam
1160 707 1316 770 umquam

140 776 205 840 nisi
231 773 404 840 honestum
437 777 471 838 et
501 777 625 838 rectum
658 773 741 838 alter
773 774 814 838 ab
849 773 951 839 altero
984 773 1181 858 postulabit,
1212 797 1317 860 neque

142 864 249 930 solum
273 863 381 929 colent
402 862 489 928 inter
511 883 545 928 se
566 883 602 926 ac
621 861 767 948 diligent,
792 861 848 927 sed
867 863 965 928 etiam
984 862 1189 930 verebuntur.
1230 862 1316 929 Nam

142 974 328 1019 maxumum
352 955 578 1018 ornamentum
601 951 763 1016 amicitiae
785 951 888 1035 tollit,
917 952 1034 1036 quiex
1058 972 1096 1016 ea
1117 951 1209 1017 tollit
1231 974 1318 1019 vere·

142 1041 302 1110 cundiam.
349 1038 408 1108 83.
443 1039 559 1126 Itaque
577 1041 613 1106 in
636 1041 677 1105 iis
700 1040 901 1127 perniciosus
925 1043 975 1106 est
997 1062 1096 1124 error,
1119 1041 1176 1126 qui
1199 1041 1318 1108 existu-

142 1134 235 1198 mant
265 1130 447 1196 lubidinem
483 1133 753 1215 peccatorumque
785 1130 931 1196 omnium
961 1133 1075 1214 patere
1107 1129 1142 1195 in
1175 1130 1319 1197 amicitia

142 1220 321 1306 licentiam3
347 1219 504 1285 virtutum
534 1219 679 1284 amicitia
701 1218 843 1285 adiutrix
867 1241 886 1285 a
908 1223 1027 1286 natura
1055 1219 1131 1285 data
1159 1222 1222 1304 est,
1251 1240 1318 1285 non

143 1310 297 1377 'vitiorum
321 1330 439 1393 comes,
461 1312 508 1393 ut,
532 1308 685 1394 quoniam
705 1307 851 1374 solitaria
872 1329 940 1374 non
958 1312 1070 1394 posset
1088 1309 1191 1374 virtus
1211 1307 1252 1373 ad
1272 1329 1318 1393 aa,

143 1421 226 1485 quae
246 1420 371 1464 summa
390 1401 474 1480 suut,
492 1397 669 1481 pervenire,
688 1398 860 1463 coniuncta
874 1401 907 1462 et
925 1397 1111 1463 consociata
1129 1419 1202 1463 cum
1216 1398 1319 1462 altera

66 1521 68 1526 ·
140 1488 332 1574 perveniret.
378 1486 468 1564 Quae
498 1487 527 1552 si
555 1508 636 1571 quos
663 1487 748 1552 inter
775 1486 913 1552 societas
944 1491 1001 1552 aut
1023 1490 1074 1551 est
1097 1489 1153 1552 aut
1175 1485 1238 1552 fuit
1261 1490 1319 1552 aut

139 1577 251 1643 futura
275 1580 338 1658 est,
369 1597 480 1640 eorum
509 1579 559 1640 est
585 1575 753 1641 habendus
782 1574 824 1641 ad
852 1597 1014 1641 summum
1037 1577 1173 1641 naturae
1195 1575 1319 1642 bonum

141 1672 293 1751 optumus
326 1665 598 1749 beatissimusque
630 1665 815 1731 comitatus,
862 1661 920 1731 84.
957 1663 1048 1729 Haec
1081 1667 1144 1743 est,
1175 1664 1320 1748 inquam,

140 1755 291 1836 societas,
314 1754 346 1818 iu
372 1774 436 1838 qua
455 1754 564 1818 omnia
581 1755 701 1835 insunt,
725 1775 807 1839 quae
827 1758 946 1837 putant
963 1752 1112 1818 homines
1133 1751 1320 1836 expetenda,

140 1843 314 1925 honestas,
340 1842 458 1926 gloria,
485 1842 705 1927 tranquillitas
734 1843 835 1908 animi
863 1846 960 1926 atque
988 1841 1187 1926 iucunditas,
1213 1846 1251 1907 ut
1279 1843 1321 1927 et,

142 1953 216 1997 cum
239 1930 320 1996 haec
343 1929 465 2016 adsint,
493 1930 591 1996 beata
618 1931 686 1996 vita
714 1932 758 1998 sit
785 1934 818 1997 et
846 1931 916 1996 sine
943 1931 995 1996 his
1023 1952 1093 1995 esse
1116 1952 1183 1996 non
1206 1930 1321 2014 possit.

143 2018 237 2096 Quod
261 2041 333 2085 cum
357 2024 527 2102 optumum
550 2041 801 2106 maxumumque
821 2020 873 2106 sit,
897 2021 925 2085 si
947 2020 981 2084 id
1005 2020 1153 2085 volumus
1177 2019 1321 2103 adipisci,

142 2107 257 2174 virtuti
280 2129 380 2193 opera
402 2108 509 2175 danda
531 2112 596 2194 est,
625 2109 695 2175 sine
723 2131 787 2196 qua
809 2131 868 2175 nec
893 2109 1069 2174 amicitiam
1092 2121 1196 2194 neque
1220 2108 1320 2174 ullam

143 2219 212 2263 rem
236 2197 449 2282 expetendam
474 2199 628 2282 consequi
648 2197 838 2284 ¹possumus5
865 2219 902 2264 ca
929 2220 1006 2264 vero
1033 2199 1183 2284 neglecta
1207 2199 1263 2282 qui
1287 2219 1321 2263 se

144 2286 266 2352 amicos
294 2286 414 2352 habere
442 2287 656 2372 arbitrantur,
689 2291 759 2352 tum
786 2309 821 2353 se
848 2287 989 2372 denique
1015 2308 1140 2352 errasse
1168 2287 1322 2371 sentiunt,

144 2396 218 2441 cum
250 2396 305 2441 eos
337 2376 446 2460 gravis
478 2375 595 2461 aliquis
627 2398 720 2443 casus
753 2377 891 2461 experiri
924 2375 1020 2461 cogit.
1067 2374 1126 2444 85.
1163 2375 1322 2453 Quocirca

146 2461 333 2550 (dicendum
357 2468 407 2530 cst
429 2464 513 2529 enim
538 2464 697 2552 saepius),
725 2487 798 2532 cum
825 2465 993 2548 iudicaris,
1021 2464 1155 2550 diligere
1184 2468 1323 2549 oportet,

147 2575 224 2638 non,
247 2575 319 2619 cum
342 2553 504 2638 dilexeris,
526 2553 677 2620 iudicare.
724 2553 788 2620 Sed
812 2576 884 2620 cum
907 2553 1018 2618 multis
1042 2553 1077 2618 in
1095 2554 1192 2618 rebus
1215 2554 1323 2637 negle-

145 2642 257 2729 gentia
270 2642 450 2728 plectimur,
468 2647 539 2708 tum
554 2643 694 2709 maxime
708 2644 743 2709 in
758 2643 870 2708 amicis
885 2646 918 2708 et
931 2641 1103 2728 diligendis
1119 2647 1151 2706 et
1165 2641 1324 2726 colendis3

182 2873 273 2926 iuter
301 2887 335 2927 cc
353 2897 387 2918 =
407 2873 478 2928 ulter
505 2871 620 2928 uberum
648 2871 708 2941 (um
761 2887 815 2926 nur
839 2876 854 2926 3
874 2869 999 2938 Glicder,
1028 2870 1064 2924 da
1086 2869 1136 2924 das
1159 2869 1245 2925 dritte
1270 2886 1324 2924 nur

146 2942 296 2998 lateinisch
314 2959 342 2998 cc
359 2945 432 2998 inter
449 2945 512 3012 set).
762 2959 811 2996 aur
830 2941 901 2998 zuei
919 2941 1005 2996 durch
1025 2946 1106 3011 atquc
1124 2941 1323 2997 verbundenen

183 3012 271 3085 §aa
313 3020 433 3084 putere
465 3044 500 3054 -
534 3014 708 3069 licentiam
762 3011 1069 3083 Synonymisbesteht.
1103 3001 1323 3070 llberbomcstoc

149 3085 213 3139 wir:
234 3083 286 3138 ‘sei
301 3085 377 3140 Thur
396 3084 453 3140 und
467 3085 543 3141 Thur
561 3084 707 3154 gcbffnet'.
762 3103 795 3142 an
815 3088 830 3150 5
851 3089 885 3140 'lt
902 3085 1073 3140 bomcatmcdi.

147 3171 235 3282 unqp,
249 3171 339 3280 iiiii
353 3157 709 3283 igniidnbicidiichwdbibr
763 3154 1324 3283 diditairidchbdiriittesdezriipdolkgirrdesffd

148 3314 223 3352 mmm
241 3302 360 3352 maturae
378 3298 486 3355 bomem.
523 3299 653 3354 Gemeint
671 3299 709 3354 ist
762 3297 882 3354 sondern
901 3298 1013 3354 bezieht
1037 3299 1097 3353 sich
1120 3244 1175 3353 aui
1188 3299 1243 3355 den
1262 3269 1324 3354 vor}

149 3368 198 3423 das
217 3368 340 3424 stoieche
358 3370 505 3424 secumdum
518 3376 649 3426 maturam
667 3371 708 3424 ci·
761 3370 961 3440 hergehendcn
977 3368 1132 3426 Gadanken
1149 3375 1182 3425 ut
1197 3402 1230 3411 -
1245 3371 1326 3426 beuta

147 3455 215 3496 ecre.
251 3439 316 3510 Vgl.
336 3445 351 3504 ς
372 3445 403 3494 19
430 3445 560 3496 maturam
578 3443 709 3511 optimam
761 3443 821 3498 cito
838 3442 882 3496 sit.

84 3555 87 3562 .
149 3511 460 3568 bcmcoiocmdiduccm.
797 3528 918 3583 meque
949 3512 1073 3568 ullum
1104 3512 1190 3568 ‘noch
1222 3513 1323 3567 uber-

183 3597 253 3637 cum
272 3582 383 3637 ultera
397 3607 431 3628 =
446 3598 506 3637 cum
520 3583 634 3638 alteriue
652 3585 708 3638 cir·
761 3583 871 3653 haupt
892 3583 950 3640 -’.

149 3657 220 3720 tute,
254 3652 307 3707 wie
339 3653 441 3708 vorhcr
472 3655 561 3708 uirtus
580 3679 613 3700 =
631 3655 709 3709 bomo
798 3655 951 3724 expertri
974 3653 1100 3720 absolut,
1123 3653 1177 3708 wie
1201 3658 1216 3719 ξ
1236 3658 1269 3708 62
1370 3691 1374 3705 .

148 3725 249 3781 virtute
263 3724 417 3793 praeditam.
765 3724 832 3780 ‘den
849 3725 976 3781 Vcrsuoh
994 3724 1135 3780 macben'.

151 3810 269 3921 alili
282 3795 392 3922 ‘titt
410 3793 709 3922 illaturum
763 3793 1326 3923 „23⁵-,gqmmggd2‘20'q0‘rrggss

148 3936 229 4003 latet,
257 3883 319 3993 din
342 3938 393 3992 das
416 3937 593 3994 Indefinitum
621 3937 710 3993 cnlrli-
763 3937 844 4009 Konj.
858 3909 898 3992 ’au
916 3942 932 4004 ξ
950 3942 984 3992 22
1003 3907 1138 3993 verteris..

149 4008 225 4064 tinch
243 4026 278 4063 zu
295 4009 321 4063 ei
339 4009 447 4080 gehbrt
798 4010 951 4080 diligere.
989 4008 1052 4078 Vgl.
1077 4014 1145 4075 §62
1165 4011 1326 4080 praecurrit

187 4081 368 4137 comitatus
386 4080 429 4136 ud
448 4079 646 4136 ‘Geleitechult
662 4080 714 4136 auf
763 4081 889 4137 amicitia
906 4080 1049 4136 iudicium.

151 4151 215 4207 dem
233 4151 323 4207 Pfade
340 4169 389 4206 zur
407 4152 463 4208 -'.
801 4168 870 4207 cum
888 4153 1005 4206 multis
1017 4152 1055 4206 im
1067 4167 1090 4206 r.
1110 4150 1175 4206 ‘wie
1189 4151 1219 4205 in
1232 4151 1326 4206 vielen

186 4221 266 4291 §84-
298 4224 551 4294 capetcmdmu
570 4228 711 4289 §tecum
766 4223 894 4278 andern
912 4221 1032 4291 Pallam,
1051 4240 1084 4278 au
1103 4227 1149 4288 §2
1169 4237 1326 4294 commupe

54 4305 59 4316 ·
151 4294 337 4351 siderandum.
765 4295 861 4350 multo.

193 4365 713 4435 honestae·iucunditas(‘l'rob·
797 4365 979 4436 plectimur
999 4363 1062 4420 ‘air
1077 4369 1212 4422 missen
1226 4328 1326 4420 bdleen

153 4435 248 4506 sinn').
285 4436 323 4492 Es
350 4437 411 4494 sind
431 4440 526 4509 strong
545 4453 712 4509 genommen
765 4453 865 4508 wagan
892 4437 947 4494 -'.
991 4435 1082 4492 Plecti
1113 4435 1183 4492 wird
1215 4433 1246 4490 in
1278 4435 1327 4490 der
