3080 4968
241 233 284 298 62
621 230 776 288 LAELIUS
796 230 844 285 DE
864 229 1030 286 AMICITIA

329 395 460 483 Ne‘gat
487 397 585 480 quis,
613 416 723 481 nego,
752 395 820 479 ait,
849 395 925 480 ἀίω
951 399 1147 479 postremo
1176 393 1370 480 imperavi

342 561 346 568 .
984 487 1136 570 egome‘t
1158 485 1251 550 mihi

329 573 464 639 Omnia
487 573 699 657 adsentari,

238 667 276 728 ut
305 663 352 727 ait
378 662 463 728 idem
492 661 675 746 Terentius,
703 662 757 726 sed
784 661 839 725 ille
871 661 905 726 in
933 660 1114 728 Gnathonis
1142 683 1295 748 persona,
1325 662 1414 746 quod

239 751 335 816 amici
358 771 459 836 genus
483 752 635 818 adhibere
659 751 792 817 omnino
815 750 958 816 levitatis
983 755 1042 815 cst.
1088 749 1147 817 94.
1180 750 1278 816 Multi
1301 755 1412 816 autem

239 839 449 907 Gnathonum
478 841 614 923 similes,
637 862 710 906 cum
734 840 800 905 sint
822 840 908 923 loco,
932 839 1074 922 fortuna,
1096 839 1185 905 fama
1215 841 1412 924 superiores3

240 930 356 995 horum
380 935 430 995 est
454 930 637 996 adsentatio
656 931 803 1013 molesta,
825 950 898 994 cum
918 928 957 993 ad
983 930 1158 994 vanitatem
1180 930 1315 994 accessit
1338 951 1413 994 auc-

238 1019 365 1084 toritas.
410 1017 470 1085 95.
504 1017 633 1084 Secerni
662 1021 770 1084 autem
797 1018 936 1083 blandus
964 1017 1087 1083 amicus
1111 1041 1130 1083 a
1152 1040 1228 1083 vero
1257 1023 1290 1083 et
1313 1019 1412 1083 inter·

237 1108 329 1173 nosci
356 1113 425 1173 tam
457 1111 566 1191 potest
594 1106 740 1173 adhibita
768 1105 939 1193 diligentia
968 1129 1065 1191 quam
1094 1107 1202 1172 omnia
1233 1106 1345 1172 fucata
1378 1113 1411 1174 et

240 1198 391 1262 simulata
409 1218 429 1261 a
453 1196 586 1262 sinceris
606 1202 701 1281 atque
720 1196 813 1262 veris.
850 1193 977 1279 Contio,
1000 1217 1082 1280 quac
1101 1219 1140 1261 ex
1157 1197 1410 1281 imperitissimis

237 1290 374 1369 constat,
397 1289 506 1351 tamen
525 1285 665 1351 iudicare
689 1285 780 1367 solet,
803 1283 879 1368 quid
897 1284 1027 1350 intersit
1050 1286 1136 1350 inter
1153 1287 1353 1370 popularem,
1377 1285 1410 1350 id

237 1381 287 1440 est
311 1374 550 1440 adsentatorum
579 1378 612 1438 et
639 1374 741 1438 levem
767 1375 884 1457 civem,
908 1376 940 1438 et
967 1375 1051 1439 inter
1079 1377 1284 1439 constantem
1307 1379 1341 1440 ct
1364 1397 1411 1440 se·

237 1485 349 1528 verum
379 1466 412 1528 et
439 1485 579 1549 gravem.
625 1461 685 1528 96.
718 1462 842 1540 Quibus
870 1462 1038 1528 blanditiis
1066 1461 1100 1528 G.
1123 1461 1274 1549 Papirius
1306 1487 1411 1548 nuper

236 1552 393 1618 influebat
410 1552 445 1616 in
462 1553 549 1618 auris
568 1553 737 1637 contioniS,
752 1573 826 1617 cum
843 1552 943 1617 ferret
962 1552 1069 1638 legem
1088 1552 1127 1617 de
1145 1553 1285 1618 tribunis
1303 1554 1409 1636 plebis

235 1641 433 1707 reficiendis!
479 1641 701 1707 Dissuasimus
729 1663 802 1725 nos3
833 1641 887 1706 sed
915 1641 999 1706 nihil
1028 1641 1066 1706 de
1094 1663 1159 1726 me,
1188 1640 1226 1706 de
1257 1641 1408 1726 Scipione

235 1729 339 1796 dicam
372 1731 545 1796 lubentius.
591 1730 721 1808 Quanta
752 1729 823 1813 illa,
855 1731 888 1796 di
919 1731 1121 1812 inmortales,
1152 1731 1215 1796 fuit
1254 1732 1409 1816 gravitas,

235 1825 357 1904 quanta
383 1821 419 1884 in
447 1821 593 1886 oratione
621 1821 788 1885 maiestas!
815 1823 854 1884 ut
876 1819 970 1884 facile
994 1819 1106 1884 ducem
1134 1820 1246 1902 populi
1269 1819 1410 1886 Romani

237 1911 316 1990 [non
336 1909 500 1990 comitem]
521 1909 651 1974 diceres.
690 1907 752 1974 Sed
771 1908 930 1993 adfuistis,
951 1912 984 1973 et
1003 1913 1052 1973 est
1071 1909 1106 1972 in
1124 1909 1274 1974 manibus
1294 1910 1409 1975 oratio.

269 2135 303 2190 N
305 2137 488 2218 cyatuqnia,
512 2153 593 2206 nepa
611 2136 638 2191 ff.
656 2137 794 2218 ‘sagtje
848 2135 907 2198 πῶς
931 2131 968 2190 ἄν
992 2155 1033 2198 τις
1057 2137 1212 2206 διακρίνειε
1231 2131 1281 2191 τὸν
1300 2133 1409 2192 κόλακα

234 2206 320 2260 mand
354 2222 432 2274 nem,
465 2222 496 2259 so
529 2223 595 2276 saga
628 2207 675 2262 ich
705 2209 793 2263 nern’.
847 2208 898 2262 τοῦ
917 2209 1009 2276 φίλου.

233 2277 331 2333 Worte
360 2277 408 2332 des
441 2277 586 2332 Parasiten
615 2279 726 2333 Gnatho
753 2277 794 2332 im
883 2280 1002 2345 fucata
1016 2278 1092 2333 steht
1104 2279 1229 2346 ciaconio,
1243 2279 1408 2334 simulata

233 2348 384 2403 Eunuchus
408 2347 444 2417 (II
462 2355 490 2416 2,
511 2353 543 2402 21
558 2350 589 2419 f.)
608 2351 657 2404 des
680 2348 792 2404 Terens.
846 2352 917 2405 aeria
935 2351 1105 2419 gegentiber.

233 2417 286 2473 Die
306 2420 392 2474 Versa
412 2420 475 2474 sind
497 2421 675 2476 troch'aische
695 2420 792 2490 Septe—
882 2422 1038 2476 iudicare
1058 2419 1170 2476 ‘wissen
1189 2438 1222 2474 au
1242 2421 1297 2476 -'.

233 2507 315 2557 nare;
331 2496 541 2561 postremo=
556 2494 671 2563 dantque
686 2492 791 2560 ‘hura'3
882 2494 978 2561 calet,
997 2491 1034 2545 im
1055 2492 1088 2548 D.
1107 2493 1228 2547 Adverb.

233 2563 398 2631 imperavi
417 2593 450 2604 ·-
469 2564 550 2618 minu·
575 2564 632 2618 ‘ich
660 2565 733 2619 habe
762 2581 792 2620 es
881 2565 917 2618 id
935 2564 1071 2619 cct=id
1089 2569 1128 2620 ea
1146 2565 1218 2618 euim
1238 2563 1293 2618 ‘Ich
1311 2563 1405 2618 maine

232 2633 287 2688 mir
305 2652 367 2688 aum
387 2633 486 2688 Gesctz
505 2635 659 2704 gemacht’.
845 2635 991 2690 ntmlich’.

262 2721 424 2775 persona,
443 2724 475 2759 au
494 2711 509 2770 ξ
527 2713 553 2761 4.
877 2708 1075 2776 popularem
1103 2704 1312 2760 ‘Volksfreund'
1343 2703 1406 2760 hier

267 2777 352 2846 quod
379 2778 481 2832 amici
505 2794 608 2847 panus
633 2779 792 2833 adhibere
845 2777 875 2832 in
897 2776 1059 2832 tadelndem
1079 2776 1159 2844 Sinn,
1183 2793 1248 2831 vom
1267 2777 1405 2832 ichroffen

232 2849 363 2903 omnino
383 2874 417 2894 =
436 2849 515 2904 caius
540 2850 646 2917 acuente
674 2851 792 2904 amicum
846 2847 1042 2917 Standpunkte
1061 2847 1109 2902 des
1129 2846 1292 2916 Optimaten
1310 2865 1369 2903 ans.

233 2918 328 2974 ‘einen
345 2918 456 2973 Freund
475 2920 525 2973 der
543 2923 595 2975 Art
618 2921 707 2976 auch
726 2938 791 2974 nur
881 2920 898 2991 5
917 2920 965 2974 96.
993 2916 1021 2975 G.
1043 2919 1221 2989 Papa'riaa,
1239 2937 1273 2972 zu
1291 2925 1306 2985 ὅ
1325 2925 1369 2974 39.

232 2990 276 3058 (zu
296 2995 310 3054 ς
330 2992 375 3058 87)
395 2990 579 3048 zuzulassen'.
882 2990 1062 3056 influebat.
1100 2991 1132 3044 In
1150 2990 1214 3044 dem
1234 2989 1313 3044 Bilde
1333 2990 1404 3060 liegt

268 3059 353 3130 594.
393 3060 619 3130 Gnathonum,
646 3061 698 3118 wie
724 3067 739 3128 ς
758 3067 791 3116 21
846 3061 891 3116 die
914 3059 1118 3130 Lcichtiglreit,
1141 3061 1194 3116 mIt
1216 3061 1266 3115 der
1288 3077 1318 3116 er
1344 3063 1403 3116 sich

232 3128 353 3185 Paullus.
846 3130 1115 3186 cinauschmeicheln
1141 3131 1198 3186 und
1221 3130 1294 3202 Eing
1370 3150 1403 3186 zu

267 3201 397 3256 similes
425 3220 461 3258 sc.
487 3209 553 3258 eunt
581 3203 793 3258 substantIviert
846 3203 901 3257 den
920 3201 1012 3256 Ohren
1031 3220 1065 3256 zu
1083 3203 1176 3258 finden
1195 3202 1302 3258 wusste.
1366 3204 1404 3274 gl.

230 3289 279 3326 zur
292 3271 488 3344 Bezeichnung
507 3275 556 3330 der
574 3290 680 3344 gauzen
694 3274 792 3329 Klassc
846 3279 861 3340 ἓ
881 3279 914 3328 99
933 3290 961 3328 se
978 3274 1129 3329 manare.

235 3342 437 3398 ‘Ebenbilder'.
881 3343 1122 3400 Diacuaca'nuas.
1147 3343 1275 3411 Suadere,
1292 3345 1403 3400 anaua-

268 3416 337 3469 laco
373 3414 538 3484 ‘Ablrunft'3
570 3417 724 3485 fortuna,
757 3435 790 3471 zu
843 3417 905 3471 dere
918 3416 999 3488 lapara
1013 3415 1075 3470 sind
1091 3416 1224 3470 stehenda
1239 3415 1402 3471 Ausdrficke

231 3491 246 3552 ς
266 3491 308 3540 59.
844 3487 940 3554 =ffir‚
952 3487 1133 3558 gegeneinen
1140 3487 1402 3558 Antragsprechen.

266 3557 411 3613 molesta.
448 3556 547 3612 Ausser
567 3558 787 3628 ‘unangenchm’
878 3575 936 3614 nos
954 3589 989 3600 ·-
1008 3559 1044 3614 dc
1067 3575 1123 3626 me,
1151 3559 1197 3614 ein
1223 3557 1296 3613 auch
1324 3561 1402 3614 sonet

230 3629 364 3727 badeutpt
391 3629 441 3684 das
470 3630 552 3684 Wort
579 3629 651 3684 auch
680 3629 789 3684 ‘uiden
842 3630 1076 3686 vcrkommender
1102 3629 1234 3686 Wechsel
1261 3630 1310 3683 des
1343 3630 1402 3683 Nu·

231 3701 354 3770 wltrtig.
842 3719 944 3756 marus.

266 3774 308 3828 ad
330 3773 515 3828 uanitatem
534 3772 579 3827 ‘zu
597 3773 677 3826 ihren
695 3773 789 3828 lecren
804 3763 825 3792 ²
877 3774 949 3828 illa.
987 3771 1050 3827 Wie
1068 3773 1112 3827 la‘c
1136 3770 1196 3827 sich
1215 3770 1265 3826 auf
1282 3770 1328 3828 dic
1347 3769 1400 3826 Ge-

230 3842 505 3913 Wortcn',vgl.§98
520 3845 786 3899 cratianancanam.
842 3845 968 3913 genwart
996 3842 1118 3910 hezieht,
1144 3859 1173 3898 so
1202 3842 1315 3897 beaisht
1340 3841 1401 3898 sich

266 3918 547 3984 can-accessit,
565 3915 620 3985 vgl.
641 3919 655 3980 ξ
673 3921 708 3970 48
728 3932 788 3970 anm
841 3917 888 3971 ille
906 3915 955 3969 aul
975 3913 1020 3969 die
1040 3913 1268 3984 Vergangenhait
1287 3940 1321 3959 =
1342 3913 1400 3968 ‘da-

231 3988 352 4056 ccnta'aa't.
841 3986 932 4040 mals'.

265 4059 455 4113 auctoritas
484 4056 654 4113 ‘tussciae
681 4056 726 4112 A!
753 4075 787 4112 au
876 4059 979 4124 facilc
999 4054 1238 4114 ‘unbedenlrlich'.

231 4131 245 4193 5
264 4134 297 4183 49
316 4130 410 4184 honor.
877 4130 1019 4196 diceres,
1041 4127 1091 4183 der
1108 4127 1284 4198 Konjunruv
1303 4127 1401 4182 warda

265 4200 350 4271 595.
382 4199 519 4255 Seccrni
538 4199 701 4269 ‘gesondert
719 4217 787 4255 wer·
841 4200 914 4254 auch
933 4201 1005 4255 ohne
1023 4205 1055 4256 at
1072 4200 1177 4254 stehen.

230 4269 296 4323 den'
325 4271 356 4323 ia
385 4271 478 4340 Bcaug
510 4273 560 4325 aul
590 4271 645 4326 eiu
674 4271 784 4342 Objelrt,
876 4275 923 4326 est
941 4272 1161 4336 anmantuus,
1179 4269 1241 4325 hier
1260 4295 1293 4316 =
1312 4269 1398 4326 istiu

229 4341 418 4396 internosci
450 4342 500 4396 auf
525 4341 624 4397 baide
657 4341 785 4410 ObJ'elrtc.
842 4342 931 4410 (aller)
939 4340 1268 4410 thdcn,istallgemcin
1277 4341 1399 4410 galesun.

229 4409 364 4466 Plutarch
400 4412 533 4469 codaleto
569 4412 631 4469 eine
669 4413 786 4470 schrift:
840 4411 974 4481 Dagegen
989 4411 1048 4468 Cat.
1062 4429 1098 4466 m.
1114 4417 1173 4478 §88
1187 4413 1317 4482 saptiam
1331 4413 1400 4468 liber
