3080 4968
174 335 176 340 ¹
247 262 292 325 40
627 261 780 316 LAELIUS
799 261 847 317 DE
866 259 1031 316 AMICITIA

248 425 464 490 amicitiarum
497 424 658 510 praesidia
691 429 849 510 quaerant
881 447 977 509 quam
1014 423 1075 487 viri
1108 426 1140 486 et
1175 423 1287 508 inopes
1321 444 1424 507 quam

250 514 395 598 opulenti
424 517 456 578 et
488 514 668 580 calamitosi
697 536 794 599 quam
821 513 859 598 ii,
892 513 946 598 qui
974 514 1129 598 putentur
1156 511 1251 576 beati.
1297 507 1356 579 47.
1391 511 1423 578 Ο

248 603 450 688 praeclaram
469 603 676 687 sapientiam!
714 600 822 668 Solem
842 601 928 667 enim
952 600 1107 666 emundo
1126 601 1241 665 tollere
1260 599 1425 685 videntur,

249 691 304 777 qui
337 691 511 757 amicitiam
544 714 561 758 e
589 692 656 756 vita
685 692 818 775 tollunt,
851 712 915 775 qua
942 690 1025 755 nihil
1058 711 1077 754 a
1109 689 1158 753 dis
1189 689 1421 754 inmortalibus

248 781 362 846 melius
380 779 546 865 habemus,
563 781 644 846 nihil
663 780 842 846 iucundius.
874 778 963 855 Quae
986 782 1035 844 est
1054 778 1139 843 enim
1157 778 1222 844 ista
1241 777 1421 844 securitas?

250 867 360 954 Specie
393 869 521 954 quidem
557 870 689 954 blanda,
722 868 777 934 sed
809 890 922 953 reapse
955 867 1066 933 multis
1098 866 1178 932 Iocis
1209 867 1420 952 repudianda.

247 956 361 1042 Neque
380 959 467 1023 enim
487 962 536 1024 est
550 964 803 1027 consentaneum
821 957 922 1022 ullam
935 957 1108 1023 honestam
1128 977 1196 1021 rem
1211 956 1419 1041 actionemve,

247 1068 287 1111 ne
312 1047 469 1113 sollicitus
498 1047 557 1132 sis,
586 1051 642 1112 aut
669 1068 735 1112 non
764 1047 926 1132 suscipere
955 1049 1012 1110 aut
1041 1049 1227 1129 susceptam
1251 1045 1419 1130 deponere.

248 1134 369 1212 Quodsi
393 1157 503 1202 euram
526 1135 684 1221 fugimus,
708 1136 811 1201 virtus
840 1135 993 1221 fugienda
1020 1137 1082 1219 est,
1106 1155 1187 1218 quae
1216 1148 1343 1200 neeesse
1369 1138 1420 1198 est

212 1223 225 1294 Ϊ
248 1247 320 1289 cum
349 1225 457 1309 aliqua
485 1246 561 1290 cura
588 1246 638 1290 res
669 1224 731 1289 sibi
755 1223 934 1290 contrarias
963 1226 1152 1310 aspernetur
1179 1228 1276 1308 etque
1304 1222 1419 1306 oderit,

248 1315 285 1377 ut
298 1313 428 1378 bonitas
449 1313 617 1398 malitiam,
636 1313 850 1399 temperantia
863 1313 1049 1394 lubidinem,
1068 1312 1232 1397 ignavium
1245 1312 1419 1395 fortitud0;

247 1402 356 1485 itaqua
383 1400 493 1488 rideas
521 1403 616 1467 rebus
644 1402 773 1468 iniustis
804 1403 905 1467 iustos
934 1403 1072 1467 maxime
1101 1399 1221 1485 dolare,
1244 1401 1416 1466 inbellibus

248 1490 357 1574 fortes,
389 1489 560 1574 flagitiosis
593 1491 766 1557 modestos.
824 1491 911 1578 Ergo
944 1491 1005 1556 hoc
1037 1490 1204 1576 proprium
1238 1492 1287 1554 est
1318 1490 1418 1554 animi

248 1579 328 1642 bene
361 1579 541 1662 constituti,
575 1584 607 1645 et
638 1580 753 1645 laetari
781 1581 876 1646 bonis
911 1581 1007 1645 rebus
1040 1582 1073 1643 et
1100 1577 1207 1643 dolere
1236 1579 1417 1666 contrariis.

247 1665 305 1733 48.
331 1665 435 1744 Quam
454 1670 495 1734 ob
519 1690 597 1754 rem,
620 1671 648 1734 si
666 1669 753 1735 cadit
771 1669 804 1732 in
828 1669 1008 1752 sapientem
1029 1667 1128 1733 animi
1151 1667 1251 1750 dolor,
1271 1667 1326 1752 qui
1344 1688 1418 1751 pro-

246 1757 330 1822 fecto
351 1756 453 1840 eadit,
475 1757 597 1822 nisiex
622 1758 689 1823 eius
714 1758 821 1823 animo
842 1758 1053 1843 exstirpatam
1076 1756 1312 1821 humanitatem
1333 1757 1418 1821 arbi·
1469 1781 1472 1787 ’

248 1849 382 1928 tramae,
406 1868 487 1930 quae
506 1850 680 1925 causaest,
699 1869 755 1912 cur
774 1846 949 1912 amicitiam
967 1845 1112 1910 funditus
1131 1845 1285 1910 tollamus
1305 1866 1322 1908 e
1342 1846 1418 1928 vita,

246 1957 286 1998 ne
316 1934 441 2020 aliquas
471 1939 604 2019 propter
633 1957 704 2000 eam
737 1935 947 2021 suscipiamus
980 1933 1171 2000 molestias?
1217 1932 1301 2010 Quid
1333 1935 1418 1998 enim

247 2023 383 2087 interest
407 2026 498 2088 motu
522 2023 623 2088 animi
646 2025 774 2090 sublato
798 2045 865 2089 non
883 2025 953 2089 dico
978 2025 1062 2089 inter
1084 2023 1237 2106 pecudem
1262 2026 1295 2087 et
1317 2023 1418 2089 homi·

246 2132 333 2194 nem,
362 2111 417 2175 sed
440 2113 526 2177 inter
553 2111 717 2178 hominem
745 2119 777 2179 et
804 2116 953 2178 truncum
983 2116 1038 2178 aut
1068 2134 1180 2176 saxum
1208 2114 1264 2176 aut
1293 2112 1418 2196 quidvis

249 2200 375 2284 generis
395 2199 558 2266 eiusdem?
595 2199 709 2287 Neque
728 2201 813 2266 enim
836 2208 912 2267 sunt
930 2203 986 2266 isti
1011 2200 1170 2285 audiendi,
1193 2201 1247 2285 qui
1265 2201 1418 2266 virtutem

247 2373 300 2428 mit
317 2373 471 2429 Rficksicht
493 2374 544 2430 auf
560 2375 604 2430 die
624 2373 804 2431 Schw'achc
894 2377 1022 2445 itaque,
1037 2375 1089 2429 wie
1104 2379 1172 2440 546,
1194 2375 1260 2430 Erat
1277 2375 1328 2430 mit
1342 2392 1419 2446 erpo

248 2445 296 2499 des
315 2444 481 2501 weiblichen
500 2445 705 2504 Geschlechtes.
858 2446 931 2517 folgt
950 2447 999 2501 der
1018 2445 1197 2503 Schluissata.

283 2522 460 2586 quaerant,
475 2518 576 2572 worher
590 2518 639 2572 das
649 2511 803 2587 Imperfelr-
893 2517 1418 2586 modestos‘sittsame’enthaltsame‚

246 2590 307 2642 tum
321 2588 463 2644 baberet.
487 2587 540 2643 Ein
556 2587 804 2644 solchechchsel
857 2587 903 2644 die
932 2588 1035 2644 Geluhl
1061 2588 1107 2642 ffir
1133 2588 1183 2644 das
1211 2587 1305 2643 reehte
1332 2587 1419 2643 Male

247 2659 296 2714 der
326 2660 464 2730 Tempora
485 2660 515 2714 in
538 2659 644 2715 deror.
665 2660 719 2717 obl.
739 2659 804 2715 tritt
859 2662 974 2729 (modus)
993 2658 1086 2714 haben
1103 2659 1194 2730 (nicht
1214 2658 1415 2727 ‘bescheiden’‚

246 2730 292 2785 bei
329 2729 383 2786 Cic.
423 2731 600 2800 gewbhnlich
637 2731 713 2786 daun
749 2730 802 2799 ein,
857 2748 914 2786 was
929 2732 977 2786 das
992 2728 1075 2785 Wort
1088 2731 1168 2786 nicht
1181 2731 1333 2800 bedentet).
1361 2729 1418 2786 Dos

246 2817 328 2855 wenn
373 2802 527 2858 Ansichten
570 2801 645 2858 eines
688 2801 805 2858 schrift·
859 2801 995 2872 Adjektiv
1019 2801 1174 2871 entspricht
1197 2802 1247 2856 der
1269 2803 1418 2871 werherge-
1516 2825 1517 2840 κ

248 2872 357 2927 stellers
384 2873 537 2944 angeftihrt
563 2874 675 2930 werden
708 2874 806 2944 (dicere
858 2875 983 2928 nannten
1010 2875 1203 2942 imprecatio,
1238 2872 1290 2928 wie
1317 2874 1418 2928 vorher
1516 2863 1517 2922 l

248 2968 282 2989 =
301 2943 423 3012 dixisse).
650 2997 652 3002 ,
859 2945 945 3000 iactos
963 2944 1013 2997 der
1032 2944 1140 3000 torrites
1158 2970 1193 2989 =
1210 2945 1325 2999 iustitia.

282 3013 372 3068 beati
395 3039 429 3060 ε
449 3015 588 3082 fortunati
608 3015 672 3070 ‘mit
690 3013 805 3070 Gliielrs·
891 3015 1069 3083 proprium
1130 3015 1418 3071 ‘charalrteristischas

246 3085 347 3153 giitern
366 3084 543 3156 Gesegnete’.
859 3084 1008 3140 Merkmal'
1029 3084 1085 3156 vgl.
1105 3091 1120 3152 §
1140 3091 1182 3141 26.

283 3155 300 3226 5
315 3151 362 3211 47.
379 3157 593 3224 praeclaram
607 3155 737 3224 ironisch,
752 3157 805 3211 wie
892 3157 968 3212 beree
982 3155 1416 3227 rouste‘tcle‘‘wohlgeordnet’‚
1516 3159 1517 3164 ’

248 3224 290 3280 oft
308 3225 353 3280 bei
373 3225 476 3282 Cicero.
858 3227 888 3282 in
907 3226 1057 3297 gehbriger
1071 3227 1244 3298 Verfassung
1260 3227 1415 3296 befindlich,

284 3296 374 3367 Quae
392 3299 665 3353 est-secantes
686 3298 753 3352 ‘was
767 3296 806 3353 ist
858 3298 1045 3354 harmonisch.
1084 3297 1415 3368 Naohherffiltzd)
1516 3309 1517 3312 ’

248 3365 322 3422 deun
341 3367 390 3422 das
408 3367 452 3421 fur
467 3367 527 3423 eine
542 3369 598 3424 -’.
618 3367 739 3423 Hiermit
757 3369 805 3424 be·
858 3369 929 3425 wird
952 3369 1034 3424 daffir
1056 3371 1194 3439 gerudezu
1220 3372 1331 3440 capiere
1355 3371 1416 3426 sub·

246 3438 327 3508 ginnt
351 3436 396 3493 die
415 3437 660 3509 Widerlegung
683 3440 732 3494 dar
750 3442 805 3494 An·
858 3440 988 3498 situiert.

247 3509 319 3564 sicht
339 3509 388 3563 der
406 3509 602 3580 Epikureer.
1516 3549 1517 3562 i

283 3581 409 3636 blanda
431 3611 464 3621 -
485 3582 711 3650 repudianda.
748 3582 804 3637 Das
894 3580 974 3650 548.
998 3583 1093 3638 cadit
1116 3583 1224 3654 ailquid
1247 3586 1278 3639 ia
1301 3585 1415 3653 altprect
1516 3597 1517 3608 ¹

246 3651 493 3708 Homoioteleuton
511 3652 666 3708 verschtrft
684 3653 738 3708 den
754 3653 804 3709 Ge·
859 3652 956 3710 heisst:
974 3653 1106 3708 ‘estrifft'
1114 3654 1181 3725 jem.
1199 3653 1303 3710 seinem
1313 3655 1415 3710 Weeen

246 3724 369 3794 gensatc.
858 3725 930 3780 nach
950 3727 1050 3796 etwas,
1076 3741 1105 3780 es
1129 3725 1216 3781 findet
1233 3726 1415 3796 Anwendung

281 3810 397 3864 reapse
435 3809 717 3866 zusammengezogen
754 3813 803 3851 aus
859 3795 983 3864 autimi,
1002 3797 1128 3866 vertrtgt
1147 3796 1207 3851 sich
1226 3797 1363 3852 mitihm.
1483 3853 1484 3858 ,

245 3882 274 3920 re
292 3881 370 3935 eapse
389 3867 433 3934 (=
452 3866 532 3936 epea).
894 3868 1121 3936 ecstirpatem
1146 3868 1210 3922 ‘mit
1231 3867 1346 3938 Stumpf
1361 3869 1414 3923 und

282 3937 364 3992 loer‘s
384 3935 611 4007 ‘Beziehungen’.
859 3936 929 3993 Stiel
947 3938 1141 4008 ausgerottct'.

281 4009 442 4077 deperiere
484 4007 583 4063 ‘fallen
622 4024 656 4063 eu
697 4009 800 4065 lassen’
893 4025 931 4064 ce
950 4010 1099 4078 aliquas,
1119 4014 1234 4076 zu52'1
1253 4011 1279 4065 ci
1292 4012 1413 4080 aliquem.
1516 4019 1517 4026 ’

246 4077 339 4148 gleich
358 4079 434 4134 einer
452 4078 527 4134 Last.
893 4095 958 4136 acer
976 4080 1050 4135 dieo
1065 4081 1164 4136 -sed
1184 4081 1241 4136 ‘ich
1261 4082 1320 4136 will
1338 4081 1414 4136 nieht

283 4149 375 4219 Quod
396 4151 426 4204 si
451 4149 542 4204 ‘wenn
561 4150 639 4205 aber'
660 4151 699 4206 im
717 4140 803 4206 iiber·
859 4165 944 4220 sagen
959 4151 1145 4206 —sondern’.
1173 4150 1263 4208 Daftr
1276 4151 1348 4207 auch
1362 4169 1414 4208 noa

247 4234 339 4289 gange
357 4239 390 4274 zu
410 4222 496 4276 etwas
514 4219 664 4289 therem,
684 4221 733 4277 der
750 4221 803 4276 Tu·
858 4222 949 4277 dteam
963 4223 1057 4277 —sed
1075 4221 1133 4276 und
1151 4239 1208 4278 nea
1225 4225 1347 4279 mcdo-
1363 4225 1412 4280 sed.

247 4290 329 4360 gend,
348 4290 404 4360 wgl.
424 4296 438 4356 ξ
459 4296 501 4345 23.
893 4298 1060 4358 truncum,
1079 4291 1149 4347 wir:
1172 4293 1286 4350 ‘Klotz'.

282 4375 333 4416 res
354 4362 422 4416 eibi
444 4363 637 4418 contrariae
662 4362 732 4417 ‘ihre
752 4362 803 4418 Ge·
894 4363 1336 4420 radteadI‘verdienen—'.
1352 4364 1415 4436 Vgl.
1516 4405 1517 4414 i

247 4431 400 4500 gennuae.
859 4438 874 4500 ξ
895 4439 928 4488 15
947 4453 967 4488 c.
988 4433 1021 4490 A.
1040 4463 1074 4474 -·
1094 4434 1169 4503 iste,
1189 4435 1234 4491 die
1254 4435 1371 4490 Stoiker.
