3080 4968
243 231 288 296 20
623 223 776 283 LAELIUS
795 225 844 280 Da
862 221 1029 280 AMICITIA

245 387 474 460 aternitaticna
505 411 571 455 non
603 410 712 473 parva.
759 387 861 465 Quam
892 388 934 453 ab
961 410 1043 474 rem,
1075 412 1156 474 quaa
1186 389 1343 473 disputari
1371 389 1410 454 dc
1495 441 1496 454 ,

247 481 392 547 amicitia
418 481 569 566 possunt,
598 479 639 542 ab
668 479 713 542 eis
741 498 857 543 conseo
880 477 1013 563 petatis,
1041 478 1096 562 qui
1118 479 1183 544 ista
1205 479 1409 562 profitentur,

245 590 308 654 ago
331 592 389 635 vos
410 569 537 635 hortari
558 570 686 632 tantum
709 588 856 651 possum,
881 568 919 630 ut
941 567 1118 632 amicitiam
1142 568 1291 633 omnibus
1313 567 1410 632 rebus
1496 598 1497 608 ι

245 659 395 724 humanis
420 656 638 742 anteponatis,
661 655 742 721 nihil
766 659 816 720 cat
839 654 926 719 enim
948 658 1016 720 tam
1039 660 1173 721 naturae
1197 659 1319 742 aptum,
1340 660 1410 722 tam

246 749 437 813 conveniens
467 745 508 810 ad
537 767 590 811 res
621 746 671 810 vel
701 743 857 809 secundas
886 743 938 808 vel
966 745 1125 811 adversas.
1174 743 1231 811 18.
1259 743 1321 810 sed
1349 745 1410 811 hoc

244 837 385 920 primum
409 835 523 920 sentio,
547 834 613 898 nisi
633 833 782 898 inbonis
806 832 984 898 amicitiam
1003 855 1074 898 ease
1092 856 1158 900 non
1175 856 1285 919 possa3
1307 856 1410 919 neque

244 925 278 989 id
301 926 342 990 ad
364 925 474 992 vivum
496 943 620 1006 reseca,
641 925 678 986 ut
700 921 762 1006 illi,
786 921 842 1007 qui
864 923 944 986 haec
968 923 1120 988 subtilius
1144 922 1319 1007 disserunt,
1349 923 1411 989 for-

244 1017 332 1080 tasse
355 1035 439 1099 vare,
462 1011 517 1078 sed
540 1010 580 1076 ad
604 1031 806 1077 communem
829 1011 1005 1076 utilitatem
1028 1034 1155 1096 parum,
1179 1015 1301 1098 negant
1325 1012 1410 1078 anim

245 1124 438 1189 quemquam
469 1122 539 1166 esae
566 1101 670 1164 virum
697 1099 818 1165 bonum
844 1099 909 1164 nisi
937 1101 1125 1183 sapientem.
1171 1099 1222 1166 Sit
1247 1103 1295 1166 ita
1323 1123 1410 1187 sanc,

246 1193 302 1256 aad
321 1213 392 1256 eam
412 1189 604 1274 sapientiam
621 1188 888 1273 interpretantur,
911 1211 1008 1274 quam
1027 1190 1131 1255 adhuc
1150 1191 1297 1256 mortalia
1316 1212 1409 1256 nemo

246 1284 296 1345 eat
318 1283 517 1362 consecutus,
540 1299 600 1344 noa
623 1281 732 1343 autam
755 1300 807 1363 aa,
833 1299 914 1363 quaa
938 1281 1013 1342 aunt
1035 1279 1070 1343 in
1092 1301 1153 1344 usu
1176 1279 1306 1364 vitaque
1329 1301 1412 1345 com-

246 1369 346 1453 muni,
368 1389 434 1434 non
458 1389 503 1451 aa,
527 1388 608 1451 quae
627 1367 795 1452 finguntur
818 1369 874 1432 aut
897 1369 1059 1452 optantur,
1083 1371 1228 1452 spectare
1249 1368 1412 1434 debemus.

245 1455 432 1541 Numquam
459 1477 519 1542 ego
547 1455 651 1521 dicam
680 1454 716 1521 O.
737 1455 937 1541 Fabricium,
966 1454 1022 1522 Mc
1042 1454 1188 1540 Curium,
1219 1457 1266 1522 Ti.
1291 1455 1411 1522 Corun-

246 1631 668 1702 batan(qaaeatiaaarapasaere),
682 1648 729 1685 um
743 1630 803 1685 ‘aua
857 1629 1017 1685 damaalban
1032 1629 1123 1700 Sinna,
1142 1630 1196 1686 wia
1213 1631 1262 1686 daa
1280 1629 1412 1701 tolgandc

246 1703 311 1759 dam
330 1702 477 1774 Stagreita'
499 1703 606 1772 (sabito,
625 1718 659 1756 ea
676 1703 803 1772 tempore)
857 1702 986 1756 sacratas
995 1703 1123 1758 disserere
1132 1703 1200 1758 adar
1207 1718 1333 1772 quaerere
1343 1706 1368 1771 (5
1377 1705 1412 1769 7).

246 1776 316 1830 tiber
334 1773 463 1829 daasalbe
481 1791 516 1828 zu
533 1773 625 1828 radan.
858 1803 891 1813 -
913 1771 1046 1840 Zuglaich
1073 1771 1119 1828 ein
1146 1774 1269 1843 Baispicl
1296 1773 1339 1827 ffir
1367 1771 1412 1828 dia

281 1862 364 1916 qaae
395 1845 570 1914 disputari
598 1875 631 1884 -
659 1848 805 1912 pocaaat
856 1841 1040 1913 Verbindung
1076 1845 1124 1900 das
1164 1843 1413 1900 substantiviarten

246 1916 300 1971 mit
316 1916 412 1986 Bezug
430 1915 480 1970 auf
496 1914 545 1970 <ica
563 1913 687 1968 Fannius
705 1911 804 1969 Warta
856 1913 994 1969 Neutrum
1012 1913 1090 1986 Sing.
1108 1932 1164 1970 von
1176 1914 1346 1986 Adjektiven
1360 1914 1414 1970 mit

247 1994 262 2053 ἕ
278 1993 311 2042 16
330 1988 363 2042 ria
381 1987 507 2042 amicitia
519 1986 679 2054 dagatarii.
708 1983 804 2040 Ltliua

247 2058 323 2113 fchlt
346 2057 405 2111 siah
429 2056 522 2112 ausser
546 2055 664 2123 Stantia,
689 2053 718 2108 in
742 2055 803 2110 aina

246 2127 474 2199 philosophiaaha
506 2127 678 2194 Ertrterung
712 2125 803 2180 ainzu·

247 2201 351 2267 tretan3
366 2217 397 2254 er
407 2214 521 2268 vermag
534 2215 587 2253 nur
597 2197 688 2268 einiga
702 2197 804 2267 pruk-

246 2269 359 2326 tiache
376 2269 485 2340 Regaln
502 2287 536 2323 au
554 2270 652 2339 gabaa.

282 2357 396 2397 eeaaeo
417 2341 448 2395 in
473 2340 553 2394 einen
571 2337 805 2410 Konjunktivaatz

248 2411 465 2482 eingeschoben,
490 2409 544 2466 mit
565 2410 719 2466 ironiachar
739 2410 805 2466 aar·

247 2483 324 2555 bung
341 2509 375 2530 ==
396 2484 507 2538 ‘dtehtc
525 2481 593 2538 ich’.

282 2555 341 2626 qai
366 2556 434 2611 iata
459 2554 674 2624 profiteatur
707 2553 803 2608 ‘daran

247 2627 324 2682 Fach
346 2643 376 2682 ca
398 2627 458 2695 iat’‚
480 2625 536 2697 vgl.
557 2630 572 2691 5
591 2630 626 2680 24
644 2625 678 2680 ab
701 2626 738 2680 tia
756 2625 804 2695 qai

247 2699 303 2753 ata
320 2699 473 2769 caparam,
491 2698 647 2768 caumate.
686 2694 722 2750 ao
741 2699 805 2766 agr

247 2785 313 2824 man
335 2771 489 2836 scientiam,
512 2775 598 2826 aaa
621 2767 689 2822 ader
711 2782 739 2823 aa
760 2783 805 2822 aa·

243 2841 363 2910 piarem
372 2841 455 2910 (ohne
468 2842 546 2908 aaran
557 2839 683 2909 profiteri
696 2839 727 2892 in
740 2838 805 2893 dem

249 2909 333 2965 Sinna
346 2928 415 2967 von:
434 2911 494 2966 sich
509 2909 654 2965 tffantlich
666 2927 699 2963 zu
713 2909 804 2964 cinam

249 2977 351 3036 Baruie
368 2999 396 3035 u.
415 3000 435 3036 a
453 3000 487 3037 w.
506 2980 660 3036 bakanuan.

283 3056 323 3106 at
358 3053 542 3107 amicitiam
568 3048 596 3105 ff.
651 3050 712 3120 Vgl.
749 3051 804 3105 den

249 3120 359 3177 Schlusa
377 3122 426 3178 dea
444 3121 568 3191 Dialoga.

282 3194 398 3249 rebar
433 3193 616 3248 hamanis
653 3190 804 3246 ‘indiachan

250 3263 378 3320 Gttam'.

249 3447 275 3499 2.
306 3439 561 3494 Facundaahaft
583 3439 723 3494 beateht
745 3457 807 3494 nur

329 3511 429 3566 untar
447 3510 556 3566 Gutan
574 3517 590 3577 ς
606 3515 718 3565 18-21.

286 3622 303 3688 ξ
318 3617 366 3674 18.
385 3616 447 3674 Sed
456 3616 642 3682 abbrechcnd‚
655 3616 692 3671 da
700 3615 806 3686 hiliae,

249 3692 336 3748 bavar
351 3706 381 3745 cr
390 3688 460 3744 uber
470 3687 615 3744 denWert
624 3687 673 3742 dar
682 3687 806 3742 Facund-

251 3761 343 3818 achait
357 3759 472 3831 apriaht,
486 3757 621 3814 aunitchat
634 3756 689 3813 den
702 3758 742 3813 Bc
777 3758 784 3772 '

251 3832 397 3889 deraclben
414 3829 501 3887 aanor
518 3829 685 3886 beatimman
702 3829 750 3885 wil
764 3872 769 3884 .

285 3906 342 3960 irae
361 3935 393 3944 -
413 3902 520 3958 acatio
550 3901 619 3957 ‘daa
646 3901 685 3957 iat
713 3902 805 3957 maine

249 3973 403 4044 Mainung'.

285 4047 322 4100 ia
335 4045 445 4111 baraia,
459 4042 541 4099 datiir
554 4050 570 4110 ξ
581 4048 615 4100 66
629 4045 701 4100 tata
714 4045 805 4100 baraca

270 4131 407 4241 ,ΨΜ
442 4115 615 4172 advcrmtivz
658 4115 805 4186 ‘jedoch

249 4203 294 4242 mc
343 4227 349 4240 .

285 4257 329 4312 ad
342 4258 583 4325 rivamreaeca,
593 4257 805 4328 Metaphervon

251 4327 459 4398 chirurgiachcn
487 4329 677 4400 Operationan
749 4327 806 4382 ‘ich

250 4400 351 4456 nchmc
379 4415 408 4455 aa
440 4399 519 4455 nicht
545 4399 618 4454 allzu
645 4398 747 4469 genau’
776 4397 807 4452 in

236 4672 308 4718 Ι..

857 1984 1078 2055 Prtpaaitioncn,
1099 1986 1152 2042 wic
1166 1987 1300 2042 adiacere
1314 1987 1346 2041 ia
1363 2003 1413 2041 aa·

856 2061 965 2126 auctura
997 2061 1012 2122 ξ
1036 2063 1083 2124 20,
1114 2059 1146 2112 ia
1175 2062 1347 2126 perpetuam,
1382 2059 1414 2111 ia

857 2127 972 2182 datiam
984 2142 1088 2195 vocare,
1107 2129 1145 2183 ad
1160 2131 1272 2184 irritam
1285 2129 1414 2200 redigere,

857 2198 896 2252 ad
921 2213 1054 2253 rammam
1082 2201 1236 2268 pervenire,
1268 2201 1300 2255 ia
1326 2216 1414 2255 auara

858 2269 989 2337 colligere,
1008 2271 1040 2324 ia
1056 2271 1148 2326 maiar
1165 2271 1297 2326 celebrare
1314 2289 1341 2344 u.
1357 2287 1380 2326 a.

893 2340 964 2408 iiii,
982 2340 1028 2395 dic
1047 2339 1165 2398 Stcikar.

894 2411 936 2466 ad
967 2441 1002 2451 -
1029 2428 1151 2481 param
1184 2414 1229 2467 ‘au
1260 2412 1351 2480 wenig
1380 2443 1414 2452 -

856 2481 999 2537 ftrdcrnd'
1029 2483 1093 2554 (aig.
1126 2502 1160 2538 zu
1188 2482 1279 2552 wanig
1303 2481 1332 2535 in
1363 2481 1415 2536 der

856 2551 998 2624 Richtung
1017 2555 1068 2608 auf
1082 2557 1137 2625 -).
1174 2555 1212 2608 Zu
1226 2569 1344 2623 param,
1369 2570 1415 2608 ao-

857 2624 910 2679 wia
928 2644 961 2680 au
980 2641 1039 2680 aare
1052 2642 1109 2696 erg.
1125 2625 1252 2681 rattiiiar
1265 2625 1415 2680 disserant.

892 2711 972 2751 aaaa
985 2695 1060 2750 baim
1073 2696 1256 2752 konacaaiven
1268 2696 1413 2767 Konjunk-

857 2766 901 2822 riv
919 2792 953 2812 ==
973 2766 1154 2822 ‘immarhin'.

893 2853 962 2894 rara
996 2839 1202 2907 sapientiam
1238 2839 1415 2908 interpr,

858 2924 955 2978 qaam
978 2908 1089 2965 ‘untar
1105 2908 1245 2965 Wciaheit
1267 2910 1416 2964 vcrstehcn

857 2978 898 3034 aia
926 2981 1044 3047 etwas,
1076 2981 1135 3034 daa
1164 2981 1209 3021 —'
1240 2979 1416 3052 (Attraktion

857 3049 905 3105 dea
925 3050 1037 3119 Genua).

893 3123 1060 3191 mortalis,
1084 3123 1130 3178 bai
1149 3123 1246 3178 Cicero
1271 3123 1318 3177 far
1339 3125 1417 3179 homa

859 3209 912 3246 nur
925 3189 955 3245 in
965 3192 1146 3264 Verbindung
1160 3194 1213 3249 mit
1226 3211 1312 3264 acmo,
1327 3197 1416 3264 matti,

860 3277 950 3318 amaea
967 3264 995 3332 (5
1010 3266 1063 3334 24),
1083 3266 1182 3320 armati.

894 3337 1416 3404 aaataporitaaaatwaaawiegc.

895 3420 943 3474 ea,
966 3421 1049 3474 qaae
1070 3407 1257 3477 fiagaatar
1279 3411 1338 3463 aat
1360 3423 1416 3477 op·

859 3479 979 3530 tantur
994 3475 1062 3546 ‘daa
1077 3494 1137 3532 aaa
1151 3495 1203 3532 nur
1216 3478 1244 3532 in
1259 3477 1309 3532 dar
1321 3478 1414 3532 Phan-

859 3545 930 3672 tata’ia
945 3546 1071 3603 existiert
1084 3549 1140 3603 und
1149 3548 1280 3605 frommcr
1289 3549 1415 3605 Wunach

858 3635 882 3672 ιι
911 3660 917 3672 .

895 3688 1095 3760 Fabricius,
1123 3690 1246 3747 Oariaa
1273 3692 1331 3746 und
1354 3691 1414 3749 Oc-

858 3761 1047 3817 raacaaiaa
1063 3760 1191 3832 typiachc
1208 3762 1273 3818 Beia
1293 3762 1347 3816 iala
1365 3763 1416 3818 der

860 3833 1018 3902 atrcngatcn
1036 3832 1254 3900 Rechtlichkeit,
1301 3833 1414 3904 ncigen·

859 3902 1017 3973 nfitzigkeit
1065 3903 1123 3958 und
1171 3903 1414 3961 Vatarlandaliebe

860 3974 974 4044 (atenac
1001 3973 1275 4046 zuaammaugcatallt
1299 3973 1357 4032 Cat.
1377 3996 1414 4035 m.

859 4049 923 4112 §15
941 4064 967 4100 u.
987 4047 1071 4116 μθ),
1086 4045 1114 4100 0.
1129 4045 1316 4102 Fabricius
1329 4047 1414 4104 Lac·

859 4115 1415 4190 aiaarundM’.0ariaaDeatataa,

858 4186 941 4242 beide
977 4184 1127 4242 Faldharrn
1163 4203 1254 4257 gagen
1286 4189 1416 4260 Pyrrhus,

860 4257 907 4313 Tr.
937 4257 1184 4326 Coraaaaaias,
1221 4257 1330 4314 Ftcund
1367 4263 1415 4318 dea

859 4329 1004 4394 latitarem
1023 4327 1237 4395 auagazeichnct
1254 4329 1294 4382 im
1312 4331 1415 4403 Kricge

860 4413 951 4468 gagen
965 4395 1011 4452 dia
1020 4397 1162 4464 Etruskcr,
1177 4399 1227 4454 der
1237 4403 1310 4455 crata
1319 4402 1416 4472 pleba-
