3080 4968
232 243 274 312 58
605 243 758 302 nisurus
777 244 826 298 uu
846 225 1014 300 summm

228 408 447 497 praeposteri
472 408 557 473 enim
580 407 702 472 utimur
725 407 868 474 consiliis
892 411 925 472 et
948 411 1022 474 aeta
1044 408 1182 494 agimus,
1205 407 1289 492 quod
1313 413 1408 474 veta·
1519 469 1520 476 ,

229 521 302 564 mur
329 502 437 564 vetere
466 497 649 580 proverbio.
695 496 780 562 Nam
807 497 968 580 implicati
995 497 1082 562 ultro
1106 501 1139 562 et
1162 497 1242 562 citro
1265 497 1317 562 vel
1340 519 1409 563 usu
1519 505 1520 556 t

228 589 380 653 diuturno
408 586 459 652 vel
488 586 588 650 etiam
617 585 733 652 officiis
762 590 895 669 repente
923 588 957 650 iu
986 585 1091 651 medio
1121 608 1215 652 cursu
1239 585 1406 652 amicitias
1519 607 1520 612 ¹

228 679 342 743 exorta
364 675 474 761 aliqua
497 674 673 740 offensione
695 675 935 759 disrumpimus.

316 763 438 830 XXIII.
471 761 529 829 86.
562 762 632 840 Quo
652 764 750 830 etiam
770 764 875 848 magis
893 763 1109 848 vituperanda
1128 764 1243 828 estrei
1262 763 1405 830 maxime
1519 835 1520 848 χ

227 855 429 921 necessariae
461 856 554 918 tanta
585 854 717 918 incuria.
763 852 838 919 Una
868 856 918 917 est
946 853 1031 918 enim
1063 853 1206 918 amicitia
1237 853 1270 918 in
1304 853 1404 920 rebus
1519 877 1520 896 ³

227 944 388 1028 humanis,
406 943 445 1008 de
460 942 549 1007 euius
564 941 706 1007 utilitate
721 963 832 1008 omnes
847 963 912 1007 uno
927 963 982 1007 ore
997 943 1211 1008 consentiunt.
1243 941 1401 1008 Amultis
1519 951 1520 1010 1

227 1034 332 1099 virtus
351 1033 424 1117 ipsa
443 1030 663 1097 contemnitur
680 1033 714 1096 et
730 1030 909 1097 venditatio
928 1031 1084 1116 quaedam
1108 1036 1204 1116 atque
1223 1031 1402 1097 ostentatio

228 1144 298 1188 esse
326 1121 456 1204 diuitum
485 1120 581 1184 multi
609 1120 738 1185 divitias
767 1119 962 1205 despiciunt,
995 1142 1073 1205 quos
1102 1142 1201 1205 parvo
1229 1124 1401 1187 contentos

227 1212 335 1277 tenuis
362 1211 467 1276 victus
491 1209 661 1294 cultusque
685 1208 837 1295 delectat;
865 1209 1005 1282 honores
1034 1230 1124 1294 vere,
1152 1231 1289 1294 quorum
1313 1210 1400 1295 cupi-

227 1302 329 1367 ditate
353 1298 482 1381 quidam
505 1297 760 1382 inflammantur,
793 1320 890 1383 quam
914 1298 1009 1363 multi
1032 1299 1079 1362 ita
1107 1301 1333 1384 contemnunt,
1367 1303 1403 1364 ut

226 1388 310 1455 nihil
327 1389 464 1471 inanius,
485 1387 569 1452 nihil
588 1408 657 1451 esse
676 1387 778 1452 levius
798 1387 996 1452 existiment!
1020 1387 1161 1472 itemque
1180 1391 1295 1473 cetera,
1319 1409 1401 1474 quae

228 1477 422 1564 quibusdam
446 1477 653 1542 admirabilia
676 1476 833 1555 videntur,
856 1476 1011 1560 permulti
1035 1481 1110 1542 sunt
1134 1477 1190 1560 qui
1212 1499 1272 1561 pro
1295 1477 1400 1543 nihilo

227 1569 357 1652 putent;
381 1566 420 1631 de
444 1565 586 1631 amicitia
610 1587 721 1632 omnes
745 1565 786 1631 ad
809 1587 908 1631 unum
931 1566 1016 1630 idem
1040 1567 1197 1649 sentiunt,
1225 1571 1258 1631 et
1280 1565 1317 1648 ii,
1345 1566 1402 1650 qui

229 1657 361 1721 adrem
384 1656 547 1740 publicam
572 1677 605 1719 se
628 1655 847 1738 contulerunt,
875 1659 908 1719 et
935 1655 972 1736 ii,
1000 1655 1055 1740 qui
1082 1676 1190 1719 rerum
1214 1655 1401 1740 cognitione

227 1746 441 1829 doctrinaque
459 1744 671 1829 delectantur,
690 1748 723 1809 et
740 1745 772 1828 ii,
791 1745 847 1830 qui
866 1765 959 1809 suum
973 1745 1143 1830 negotium
1162 1747 1279 1828 gerunt
1294 1745 1402 1829 otiosi,

227 1839 393 1918 postremo
416 1834 455 1919 ii,
479 1833 535 1918 qui
558 1855 592 1898 se
619 1837 708 1900 totos
736 1832 939 1899 tradiderunt
964 1833 1200 1918 voluptatibus,
1229 1834 1297 1898 sine
1321 1833 1401 1899 ami-

227 1925 305 1990 eitia
328 1926 430 1988 vitam
454 1943 523 1988 esse
547 1922 683 2006 nullam,
713 1923 739 1987 si
769 1921 864 1988 modo
888 1921 990 1987 velint
1012 1922 1123 2006 aliqua
1147 1944 1184 1986 ex
1207 1926 1300 2006 parte
1323 1923 1402 1987 libe·

227 2013 341 2078 naliter
360 2013 477 2078 vivere.
525 2008 583 2078 87.
621 2010 729 2097 Serpit
748 2011 833 2076 enim
852 2011 961 2077 neseio
981 2033 1044 2094 quo
1063 2011 1159 2078 modo
1178 2033 1236 2096 per
1255 2013 1402 2076 omnium

226 2103 311 2166 vitas
344 2101 489 2166 amicitia
520 2122 580 2166 neo
612 2101 712 2165 ullam
743 2101 859 2165 aetatis
893 2100 1058 2188 degendae
1089 2101 1249 2166 rationem
1277 2101 1403 2186 patitur

227 2210 296 2255 esse
324 2192 487 2275 expertem
515 2190 574 2254 sui.
620 2189 705 2265 Quin
733 2191 830 2255 etiam
858 2189 886 2254 si
917 2189 989 2273 quis
1020 2189 1197 2275 asperitate
1224 2211 1261 2255 ea
1289 2194 1339 2255 est
1369 2193 1402 2254 et

226 2363 401 2420 klaasisehen
419 2363 560 2420 Latinittt
572 2382 625 2418 nur
644 2363 686 2418 als
704 2364 787 2418 Pas·
840 2363 1003 2434 prunhende
1022 2364 1148 2420 Phrase’.
1179 2363 1231 2420 Die
1249 2366 1401 2421 venditatio

227 2435 336 2562 siytupn
361 2434 517 2562 &dignit
534 2436 591 2561 uili
609 2434 787 2561 {ewttshpllirlrlp
840 2435 936 2560 lamii}
946 2436 992 2560 dfie
1009 2435 1139 2560 {arripe
1158 2436 1207 2490 der
1224 2435 1255 2494 T.
1274 2453 1323 2504 au,
1346 2435 1401 2491 wie

226 2525 267 2562 mr
322 2525 366 2562 em
414 2523 555 2576 eenegr
632 2523 661 2562 er
701 2524 754 2562 eu
867 2523 897 2561 er
935 2523 1076 2562 uerrre
1133 2523 1190 2562 are.

228 2581 277 2634 dea
296 2577 464 2634 Bostraften.
876 2580 987 2633 teraris
997 2579 1107 2632 victas
1121 2577 1160 2632 ist
1168 2595 1253 2633 unser
1264 2577 1399 2632 ‘echmale

260 2650 494 2720 praeposteris
522 2649 650 2704 utimar
677 2650 788 2704 correi·
841 2648 935 2704 Kost’.
972 2637 1048 2704 Uber
1066 2650 1178 2705 cattus
1196 2669 1215 2706 s.
1237 2655 1251 2716 ἓ
1270 2654 1311 2704 49,

227 2723 287 2778 liis
316 2721 431 2777 ‘wellen
461 2721 513 2775 wir
539 2720 685 2776 hinterher
711 2721 786 2774 klar-
876 2737 952 2776 vero
971 2720 1122 2790 steigernd.

225 2793 330 2864 legen’.
874 2809 981 2846 rerum
1001 2793 1150 2860 eopaitio
1176 2793 1400 2861 doctrinaque

262 2869 339 2920 acta
375 2864 506 2933 epimas
538 2861 584 2917 ein
616 2861 785 2932 Oxymoron,
841 2861 1121 2918 ‘wissenschaftliohe
1139 2863 1324 2932 Forsehung'.

226 2934 457 3004 sprtiohwortlich
475 2933 505 2987 in
523 2933 686 2988 demselben
700 2932 785 2988 Sinne
874 2949 970 2988 sarem
988 2950 1054 3002 rep.
1074 2939 1196 3004 peraret
1214 2934 1306 2989 ‘ihren
1325 2933 1400 3004 eiga-

226 3006 492 3131 narrans
507 3006 787 3131 stlstletdtt
838 3004 1318 3146 ¹¹³2tttt‘tttstttttta
1336 3093 1385 3146 „pe

226 3147 385 3213 gerohehen
415 3146 556 3202 machen’.
606 3146 670 3216 Vgl.
702 3163 787 3202 unser
842 3145 906 3202 oiell
943 3119 1006 3201 ‘frii
1038 3163 1092 3202 von
1126 3119 1397 3217 Staatsg’esehttften’

228 3217 404 3286 ‘Vorgethan
431 3216 489 3271 und
511 3216 709 3272 naehbedaeht
736 3218 787 3272 hat
840 3217 918 3288 (Ggs.
938 3219 1084 3288 occupate).

226 3289 364 3343 manahen
386 3289 416 3342 in
443 3286 520 3356 grele
543 3287 612 3342 Laid
635 3288 783 3356 gebracht’
875 3290 978 3344 eitam
1005 3305 1072 3344 esse
1098 3291 1227 3345 auitam
1253 3288 1311 3360 vgl.
1331 3296 1346 3356 ς
1365 3295 1398 3344 22

225 3359 284 3414 und
307 3360 358 3415 das
381 3359 556 3414 homerisehe
582 3356 686 3428 papate
705 3359 737 3414 δέ
755 3377 786 3414 τε
839 3361 889 3430 pai
897 3365 987 3431 potest
1004 3376 1058 3416 esse
1075 3362 1135 3416 rita
1151 3360 1265 3416 uitatis?

226 3427 329 3500 νήπιος
349 3427 428 3500 ἔγνω.
876 3433 1082 3498 liberaliter,
1115 3432 1168 3487 wie
1202 3449 1231 3487 es
1263 3432 1323 3487 sich
1355 3432 1401 3486 fiir

262 3502 479 3570 implicati
507 3501 574 3569 ‘eng
602 3500 787 3572 verbunden’‚
840 3503 1020 3559 einenfreien
1029 3501 1180 3558 Menschen
1194 3504 1321 3574 ganamt,
1339 3504 1399 3560 ‘an-

227 3572 382 3645 eigentlich
400 3599 434 3619 =
453 3570 657 3643 eingewickelt.
841 3575 977 3646 sttndig',

262 3647 354 3700 uitro
372 3650 401 3699 ct
420 3645 506 3699 eitra
532 3642 785 3715 (‘weehselreitig')

226 3718 272 3772 hie
289 3722 314 3772 et
331 3717 399 3785 iilic,
417 3716 470 3770 leae
483 3720 508 3770 et
521 3716 589 3771 ittae
607 3715 716 3770 werden
730 3732 787 3771 von
876 3715 956 3788 987.
984 3717 1100 3786 Serpit
1118 3717 1145 3772 ff.
1160 3716 1222 3773 hier
1240 3717 1269 3772 iu
1283 3720 1400 3787 gutem

227 3787 325 3844 Cicero
335 3789 414 3842 nieht
427 3785 607 3857 asyndetiseh
622 3787 785 3856 gebraucht.
841 3787 926 3843 Sinna
941 3791 972 3858 (s.
989 3794 1004 3853 ς
1018 3790 1064 3858 41)
1085 3788 1182 3859 ‘greiti
1200 3787 1397 3857 (anmerklieh)

263 3858 347 3927 §sa
393 3858 461 3929 Quo
493 3860 592 3914 etiarn
624 3859 730 3927 mapis
757 3857 785 3913 ff.
841 3859 886 3914 ein
921 3859 951 3914 in
987 3858 1043 3914 alle
1080 3859 1399 3915 Lebensverhtltnisse’.

226 3930 309 3986 Diese
337 3929 430 4001 grosse
453 3929 698 3998 Leichtfertigkeit
725 3946 787 3985 ver·
874 3933 987 3986 pescia
1006 3948 1067 4001 prro
1085 3933 1189 3994 modo,
1209 3947 1242 3984 zu
1260 3936 1275 3997 5
1294 3936 1319 3984 4.

227 4002 307 4057 dient
323 4002 484 4057 umsomehr
503 4001 601 4069 Tadel,
616 4000 647 4070 J'e
665 4002 785 4056 unent·
875 4003 999 4057 aetatis
1013 4003 1079 4073 dep.
1090 4004 1255 4058 rationem
1266 4003 1399 4058 ‘hebens-

228 4072 427 4128 behrlieher
450 4073 637 4142 (necessarias)
662 4072 712 4128 das
735 4072 787 4127 Be·
840 4072 943 4140 berni’,
967 4077 1045 4128 sonat
1066 4091 1152 4146 percas
1173 4075 1245 4128 ritae
1268 4072 1337 4128 oder
1359 4075 1400 4128 ei-

229 4143 337 4198 durfnis
356 4145 405 4198 der
424 4143 467 4198 Fr.
486 4143 530 4200 ist.
841 4144 934 4212 eradi,
968 4146 1039 4199 auch
1071 4146 1195 4201 condicio
1227 4146 1300 4200 citae
1332 4143 1400 4201 oder

263 4215 300 4268 ia
334 4216 433 4271 rebus
468 4215 623 4270 humeris
660 4213 706 4268 ‘in
738 4213 787 4269 der
840 4214 998 4270 blosseita.

227 4284 327 4340 Walt'.
876 4292 1040 4355 expertem
1057 4288 1111 4342 sui
1131 4285 1363 4341 ‘unbeeinflulst'.

262 4355 786 4424 venditatioqrraedarretostea·
876 4358 1062 4426 asperitate
1094 4388 1125 4397 -
1159 4363 1305 4413 acturae
1338 4357 1400 4412 ‘ab-

227 4427 314 4483 tatio
339 4425 413 4481 ‘eine
436 4424 547 4480 blosse
566 4425 711 4481 Prahlsrei
728 4426 787 4482 und
840 4426 996 4482 stossendss
1015 4426 1072 4481 und
1086 4427 1258 4498 geluhlloses
1272 4429 1400 4484 Wesen’.
